1714 2583
36 76 37 79 ¹
73 57 318 94 Slothouwero
344 57 462 93 scribo
488 58 546 102 ὡς,
573 57 669 104 quod
687 57 954 93 Herwerdenus
981 57 1018 104 (l.
1039 69 1065 93 s.
1086 57 1133 104 c.)
1160 57 1386 93 coniecturae
1408 56 1504 94 illius
1520 48 1663 90 ”’·“’,Ἷ”·”’-’

72 127 133 150 rus
160 115 435 150 commendavit.
1613 119 1622 126 ⁴
1652 152 1680 175 ⁴..

188 172 366 215 Quoniam
398 172 442 206 de
473 172 668 218 particulis,
702 184 794 219 quae
824 171 1093 218 pronominibus
1118 171 1277 206 relativis
1304 171 1486 207 adduntur
1510 178 1546 209 et
1571 164 1653 215 desii.
1653 168 1688 225 ³]ss

73 228 305 264 collocatione
336 230 474 275 egimus
505 234 541 264 et
570 242 642 264 una
671 229 809 276 reliqua
835 229 1046 275 pronomina
1071 228 1223 264 relativa
1251 226 1376 274 (ὅστις,
1403 223 1489 274 οἶος,
1514 226 1685 277 ὅσος),”·”έ

72 291 108 321 et
133 286 308 321 adverbia
335 284 454 332 (ἔνθα,
480 284 549 334 ἧχι,
575 285 626 330 οὗ,
652 287 754 334 τόθι)
773 287 1019 330 tractavimus,
1034 286 1059 333 ¹)
1084 285 1200 321 modis
1217 291 1323 321 antea
1340 286 1512 321 absolutis
1527 282 1629 323 nihil³

72 347 182 378 restat
206 344 272 378 nisi
297 348 337 378 ut
361 343 562 390 transitum,
596 344 656 390 qui
681 342 722 377 fit
747 343 793 378 ad
820 342 1110 389 demonstrativa,
1146 342 1382 389 adtingamuS,
1407 344 1629 391 priusquam.
1643 387 1646 390 Δ
1661 340 1692 394 ζ’,

72 400 305 447 disputemus,
332 413 418 436 num
442 401 632 436 relativum
658 401 861 435 inveniatur
877 401 914 435 in
933 400 1202 446 quaestionibus
1218 400 1413 435 indirectis.
1447 402 1615 437 transitus

72 463 192 492 autem
217 457 275 492 ille
301 457 477 504 particula
503 457 543 493 δέ
568 457 806 503 significatur:
833 457 890 503 69,
912 457 990 502 142,
1011 457 1091 503 719,
1112 457 1213 492 1076.

186 514 236 550 Ut
261 515 298 549 in
323 527 434 550 unum
461 514 765 562 comprehendam
792 526 883 561 quae
910 514 955 549 de
982 514 1251 562 pronominibus
1277 515 1563 550 demonstrativis
1580 520 1616 551 et

71 572 228 607 relativis
263 571 456 618 disputavi,
491 571 594 606 vides
620 572 947 617 Argonauticorum
981 573 1190 618 scriptorem
1221 571 1309 606 fines
1334 584 1419 606 usus
1444 571 1614 607 homerici
1667 589 1670 593 ·

71 629 146 664 fere
172 629 392 676 explevisse3
417 628 527 664 multo
554 630 670 663 rarius
696 629 849 663 inveniri
875 640 917 664 ea
943 630 1152 676 pronomina
1175 640 1281 675 quam
1304 628 1400 675 apud
1418 628 1615 664 Homerum
1649 656 1671 668 ,-

72 687 239 721 carminis
269 686 408 721 ambitu
438 691 604 733 respecto
634 698 699 721 nos
730 687 839 721 miros
870 698 939 721 non
967 686 1125 722 habebit.
1168 686 1397 721 memorabile
1422 691 1476 721 est
1504 688 1615 734 αὐτὰρ

71 743 93 779 δ’
109 749 144 778 et
161 743 184 779 δ’
198 756 262 790 pro
281 744 319 786 ὅς
335 749 545 790 usurpatum
563 756 632 778 non
651 744 734 788 legi.
778 748 902 777 contra
924 749 1027 778 extra
1052 744 1141 778 fines
1166 744 1243 778 illos
1269 744 1424 778 excessit
1446 750 1551 789 poeta
1577 745 1614 779 in

70 813 138 836 usu
172 800 451 836 demonstrativo
487 813 633 836 casuum
669 800 896 847 obliquorum
930 801 1148 847 pronominis
1181 800 1320 836 relativi
1354 805 1390 834 et
1423 801 1614 836 enuntiatis

70 858 228 893 relativis
254 870 336 892 cum
361 858 565 893 nominibus
592 858 769 904 particula
786 872 824 893 τε
843 858 1052 893 coniunctis.
1096 864 1242 904 propter
1260 858 1528 893 collocationem
1546 859 1613 893 sin-
1664 882 1665 885 =

70 915 211 961 gulares
243 927 320 949 esse
352 915 521 950 videntur
552 928 612 949 vv.
636 915 717 960 381,
744 914 835 949 1218
862 915 1036 961 simulque
1063 915 1258 950 notandum
1283 921 1337 950 est
1361 916 1502 963 saepius
1527 915 1614 951 rela-

69 974 183 1009 tivum
208 973 320 1008 altero
348 974 431 1020 poni
457 974 629 1008 enuntiati
655 972 743 1008 loco.
1038 964 1040 968 ⁵

141 1111 210 1141 IX.
236 1111 291 1141 De
316 1110 598 1141 enuntiatorum
623 1109 862 1141 relativorum
887 1112 925 1141 et
950 1110 1298 1147 interrogativorum
1323 1111 1495 1142 confinio.
1505 1108 1531 1152 ²)

185 1201 424 1236 Inveniuntur
450 1212 714 1246 nonnumquam
740 1201 951 1246 pronomina
976 1200 1127 1235 relativa
1151 1202 1187 1235 in
1213 1201 1488 1247 quaestionibus,
1521 1213 1612 1248 quae

70 1258 116 1294 ab
152 1258 269 1305 altero*
301 1258 483 1293 enuntiato
522 1257 738 1304 dependent.
783 1257 843 1304 qui
881 1269 966 1292 usus
1005 1269 1086 1293 cum
1125 1257 1208 1293 inde
1245 1258 1291 1293 ab
1326 1258 1480 1294 Homero
1514 1259 1611 1306 apud

71 1317 261 1363 scriptores
287 1315 499 1359 inveniatur,
535 1327 606 1349 non
632 1315 835 1349 accuratius
862 1326 939 1348 eam
966 1326 1042 1349 rem
1069 1327 1313 1361 persequerer,
1347 1316 1413 1350 nisi
1440 1315 1614 1351 Kuehner

69 1373 106 1408 Π
129 1375 150 1417 ξ
173 1373 254 1416 562,
273 1373 296 1406 4
322 1371 523 1419 praefracte
549 1377 716 1417 negasset
742 1371 931 1406 relativum
959 1384 1111 1419 usquam
1137 1384 1176 1406 re
1203 1384 1288 1407 vera
1314 1385 1379 1420 pro
1405 1374 1611 1419 pronomine

70 1431 324 1475 interrogativo
350 1431 504 1476 positum
524 1441 613 1464 esse.
657 1430 831 1464 Hentzius
850 1429 932 1464 olim
951 1429 989 1476 (l.
1010 1442 1039 1464 c.
1059 1442 1093 1475 p.
1113 1430 1157 1464 27
1177 1430 1270 1476 sqq.)
1289 1431 1361 1465 vim
1379 1430 1612 1477 principalem

70 1488 288 1534 pronominis
323 1488 371 1530 ὅς,
402 1489 434 1535 ἥ,
466 1487 488 1522 ὃ
515 1487 808 1533 interrogativam
842 1486 950 1521 fuisse
985 1486 1229 1533 contenderat,
1263 1499 1370 1534 quam
1403 1489 1613 1523 sententiam

70 1550 195 1591 postea
222 1544 284 1591 (ef.
304 1544 458 1590 append.
478 1544 562 1579 edit.
582 1544 717 1578 Ameis.
737 1544 782 1579 ad
808 1547 849 1579 H
874 1544 957 1590 171)
983 1557 1004 1579 a
1030 1544 1254 1579 Windischio
1280 1550 1315 1579 et
1340 1544 1463 1580 Curtio
1489 1545 1533 1580 de
1558 1546 1612 1591 iis,

70 1614 162 1648 quae
188 1601 390 1647 linguarum
417 1603 683 1648 comparatione
702 1602 926 1645 evincuntur,
954 1601 1102 1636 edoctus
1121 1601 1262 1636 abiecit.
1314 1601 1376 1636 sed
1399 1602 1493 1648 inde,
1517 1602 1612 1649 quod

70 1671 113 1694 ea
138 1671 208 1693 non
235 1664 313 1705 erat
337 1659 392 1692 vis
417 1658 634 1704 principalis,
669 1670 738 1692 non
770 1659 930 1704 sequitur
954 1670 1149 1704 numquam
1175 1658 1309 1693 factum
1336 1671 1424 1703 esse,
1455 1664 1495 1694 ut
1523 1659 1613 1695 falsa

70 1727 178 1762 quam
205 1715 330 1749 dicunt
355 1715 519 1759 analogia
529 1715 557 1760 3)
592 1714 744 1760 simplex
778 1726 971 1760 pronomen
998 1715 1186 1749 relativum
1211 1715 1247 1748 in
1277 1715 1612 1761 interrogationibus

69 1772 252 1807 indirectis
278 1783 343 1818 pro
368 1771 539 1817 relativis,
574 1776 614 1806 ut
638 1772 687 1805 ita
713 1771 843 1815 dicam,
880 1771 1094 1817 compositis,
1129 1783 1220 1817 quae
1250 1771 1300 1806 ibi
1330 1771 1447 1807 locum
1477 1771 1612 1807 obtine-

186 1877 207 1911 1)
228 1877 261 1903 Id
283 1885 375 1903 unum
397 1876 502 1903 addam
525 1875 612 1903 valde
633 1876 706 1902 mihi
726 1876 860 1902 adridere
874 1875 1042 1902 Ludwichii
1063 1877 1264 1902 coniecturam
1286 1875 1373 1911 (Ann.
1389 1876 1460 1912 phil.
1475 1876 1613 1904 CXXXV

69 1934 96 1960 p.
113 1925 191 1959 648),
212 1925 261 1960 qui
284 1925 314 1950 in
336 1933 363 1950 v.
383 1925 455 1950 1184
476 1933 527 1959 pro
543 1924 626 1950 codd.
643 1924 787 1958 scriptura
802 1922 838 1950 οὐ
853 1922 891 1958 δή
905 1932 949 1953 τις
964 1922 1088 1953 ἐσαῦθις
1102 1923 1346 1951 ἀναπλεύσεσθαι
1361 1924 1490 1962 ὀλέθρου
1505 1925 1614 1960 ἤλπετο

70 1974 235 2008 proposuit:
258 1971 323 1999 οὐδ’
341 1972 375 2006 ἦν
396 1981 448 2006 τις7
470 1972 502 2001 ὃς
523 1966 606 2001 αὖτις
626 1971 685 1998 κτλ..
722 1971 911 1998 Hermannus
926 1975 956 1998 et
969 1971 1091 1998 Abelius
1107 1972 1240 1998 scribunt
1260 1970 1326 1999 οὐδ’
1340 1972 1377 2009 ἄρ
1398 1982 1443 2003 τις
1462 1971 1504 2000 ἔτ’
1520 1967 1612 2003 αὖτις.

185 2020 209 2055 2)
224 2020 267 2047 Cf.
284 2020 314 2047 C.
331 2020 503 2053 Burchardi,
526 2020 623 2046 Ueber
644 2019 671 2046 d.
687 2019 774 2045 Gebr.
790 2019 841 2045 des
856 2019 942 2045 Pron.
965 2015 1027 2049 οἶος
1048 2019 1095 2046 bei
1116 2019 1201 2046 Hom.
1217 2028 1313 2055 progr.
1329 2020 1506 2049 Duderstad.
1524 2021 1608 2054 1881,

69 2068 102 2094 Ε.
119 2067 242 2101 Goebel,
272 2068 318 2094 De
339 2068 616 2103 interrogativorum
638 2066 889 2101 relativorumque
910 2070 1011 2094 enunt.
1033 2066 1161 2093 confinio
1182 2067 1260 2103 apud
1280 2068 1390 2094 Herod.
1411 2076 1507 2104 progr.
1522 2068 1610 2095 Fuld.

72 2116 154 2149 1864,
184 2116 217 2142 P.
237 2115 359 2149 Polack,
386 2116 431 2142 De
458 2118 559 2142 enunt.
579 2116 719 2149 interrog.
740 2114 818 2149 apud
838 2114 1050 2149 Antiphontem
1073 2117 1102 2141 et
1122 2114 1303 2141 Andocidem
1325 2124 1388 2142 usu.
1415 2116 1511 2143 Halae
1527 2116 1610 2150 1886,
1652 2147 1654 2149 ‚

69 2172 97 2198 p.
112 2163 149 2189 64
163 2171 205 2198 sq.
227 2163 263 2189 cf.
278 2162 422 2189 addenda.

185 2211 207 2246 ³)
229 2210 272 2237 cf.
294 2218 371 2245 quae
392 2210 426 2237 G.
447 2210 598 2237 Deeckius
623 2210 653 2236 in
679 2218 774 2245 progr.
793 2209 1002 2236 Buchsweiler.
1022 2218 1048 2236 a.
1066 2210 1148 2243 1887,
1169 2210 1217 2236 cui
1237 2209 1339 2237 libello
1360 2210 1522 2246 inscripsit:
1543 2210 1610 2237 ‘Die

69 2258 179 2292 griech.
195 2258 255 2284 und
277 2258 326 2284 lat.
343 2258 369 2284 Ν
372 2258 530 2285 Θὺθῃεὲίῐῑθ
551 2257 605 2284 auf
623 2257 845 2284 wissenschaftl.
862 2257 1033 2292 Grundlage
1047 2266 1105 2284 neu
1120 2257 1272 2293 geordnet'
1287 2258 1329 2284 ait
1349 2267 1376 2292 p.
1391 2258 1437 2284 33:
1458 2258 1525 2285 ‘Die
1537 2257 1609 2284 Ver·
1631 2276 1634 2278 ψ
1660 2273 1664 2276 «

69 2305 218 2340 wendung
233 2305 283 2331 des
298 2305 415 2332 blossen
431 2305 563 2331 Relativs
578 2305 616 2331 im
633 2305 798 2331 indirecten
813 2305 981 2340 Fragesatz‚
1003 2305 1051 2331 die
1071 2305 1233 2338 bisweileu,
1254 2305 1412 2331 besonders
1432 2303 1611 2332 dichterieoh
1657 2312 1690 2339 4-“

69 2352 245 2386 vorkommt,
266 2352 374 2380 beruht
393 2353 447 2380 auf
464 2353 546 2380 einer
566 2351 794 2388 Verwechslung
814 2352 869 2379 mit
891 2352 956 2379 dem
978 2351 1178 2379 Relativsatz'.
