1734 2492
61 67 170 115 possit
199 70 244 111 et,
280 66 308 99 si
339 63 484 108 ‘codices
509 64 634 98 litteris
659 63 865 99 minusculis
895 65 1045 111 scriptos
1075 66 1256 112 respicias,
1292 65 1338 99 ad
1373 64 1585 110 scripturam

61 125 227 160 traditam
263 122 424 170 proxime
456 121 618 163 accedat,
651 122 770 156 nescio
795 134 841 156 an
864 123 901 157 id
925 122 1201 169 praeferendum
1233 124 1277 157 sit
1304 122 1424 158 Wielii
1449 122 1585 156 coniec-

59 187 160 217 turae
178 180 303 215 Abelio
321 178 506 225 probatae:
533 178 644 223 δόμον
661 205 669 213 .
689 205 697 213 .
717 206 724 213 .
743 179 845 224 ἁγνόν
862 178 922 224 (cf.
938 179 1068 214 Aesch.
1084 179 1180 226 Sept.
1199 180 1269 215 260
1294 181 1411 225 ἁγνοῖς
1432 179 1582 227 δόμοις).

172 236 387 273 Pronomina
411 235 610 281 possessiva
634 234 739 272 modo
764 236 990 281 praecedere,
1015 236 1119 273 modo
1144 238 1242 283 sequi
1259 250 1302 271 ac
1319 248 1585 282 nonnumquam

14 327 17 331 ,
61 295 355 343 praepositionem
381 292 602 327 intercedere
627 292 721 326 inter
744 305 935 339 pronomen
962 299 997 328 et
1014 294 1275 329 substantivum
1297 293 1421 339 (10033
1449 293 1493 327 cf.
1512 293 1583 339 Ap.

59 354 95 388 II
121 351 205 399 786)
239 350 297 385 vcl
330 349 433 396 plura
463 349 575 384 verba
601 348 703 395 (8223
737 350 782 384 cf.
801 350 823 386 ὁ
848 349 932 396 387)
966 351 1028 385 vix
1058 356 1111 385 est
1137 351 1230 397 quod
1256 363 1428 385 moneam.
1479 350 1585 396 paulo

60 407 322 445 memorabilius
348 410 402 441 est
427 405 579 440 formam
603 405 793 441 iambicam
818 407 1032 452 pronominis
1057 407 1142 454 ἐμός
1167 407 1386 442 substantivo
1413 408 1584 453 postposi-

60 473 132 502 tam
165 466 200 501 in
235 465 357 511 quinta
389 463 469 507 arsi,
504 462 566 497 ubi
601 462 710 498 semel
733 463 841 498 talem
865 463 1013 499 formam
1043 465 1077 498 in
1103 464 1248 499 Homeri
1275 464 1489 499 carminibus
1514 464 1585 509 legi

60 524 100 559 B.
128 522 296 558 Gisekius
331 521 538 556 observavit
570 519 731 567 (Homer.
757 520 976 567 Forschung.
1003 533 1037 567 p.
1064 521 1120 566 27,
1155 524 1175 566 ξ
1201 521 1278 568 34),
1318 534 1388 556 non
1420 521 1582 556 inveniri.

60 581 144 616 item
176 578 392 626 pronominis
425 578 493 624 ἐγώ
526 577 662 613 formae
695 578 881 620 iambicae,
916 590 1007 624 quae
1040 579 1076 613 in
1111 579 1245 625 quinta,
1279 585 1339 613 aut
1373 579 1584 624 trochaicae,
1628 600 1633 605 ·

60 649 151 685 quae
176 638 213 672 in
238 640 364 682 quarta
389 636 460 670 arsi
484 647 651 682 perrarae
677 640 758 670 sunt
781 636 878 683 apud
904 635 1101 671 Homerum
1126 636 1209 683 (Eb.
1227 636 1244 670 I
1270 634 1382 682 341³),
1412 637 1447 670 in
1474 636 1585 681 Argo-

59 694 210 730 nauticis
235 693 289 728 his
314 692 401 727 locis
426 704 497 727 non
521 692 696 738 leguntur.

394 830 459 860 VI.
486 830 540 860 De
564 830 847 866 pronominibus
871 830 1001 861 tertiae
1025 827 1252 872 personae.¹)

174 920 280 965 Quod
302 921 506 966 Brugmano
533 920 691 968 plerique
717 921 935 967 obiecerunt,
962 923 1022 969 qui
1044 921 1089 956 de
1111 922 1230 957 libello
1252 921 1298 956 ab
1321 934 1362 957 eo
1387 922 1586 967 conscripto

60 977 229 1012 iudicium
256 977 465 1024 fecerunt2),
500 979 663 1025 cupidius
689 991 770 1014 eum
800 979 984 1014 codicibus
1009 980 1128 1014 invitis
1154 991 1256 1013 usum
1281 978 1484 1014 liberiorem
1510 990 1587 1024 pro-

59 1035 209 1071 nominis
242 1035 366 1069 tertiae
396 1047 568 1082 personae
598 1037 632 1070 in
663 1041 787 1082 poetas
811 1036 982 1081 intulisse,
1013 1037 1049 1071 in
1074 1036 1280 1071 Hermanno
1306 1048 1447 1083 quoque
1472 1047 1587 1082 repre-

59 1092 168 1127 hendi
189 1093 327 1139 poterit,
354 1094 414 1139 qui
437 1092 782 1140 duodeseptuaginta
799 1093 1120 1140 Argonauticorum
1142 1094 1239 1138 locis,
1266 1093 1327 1128 ubi
1349 1090 1384 1130 οἱ
1406 1092 1588 1130 codicibus

60 1148 222 1196 traditur,
256 1151 482 1196 septuaginta
506 1150 581 1185 fere
608 1151 812 1186 coniectura
836 1152 1039 1186 immutatos
1065 1151 1214 1186 addidit.
1264 1163 1347 1186 nam
1377 1150 1472 1197 quod
1497 1150 1588 1184 inter

61 1205 106 1240 68
131 1205 208 1241 illos
233 1206 329 1242 locos
356 1206 402 1242 20
427 1212 519 1253 sunt,
545 1207 673 1254 quibus
697 1208 778 1243 libri
804 1208 889 1243 dett.
916 1209 974 1243 vel
1000 1209 1042 1257 δή
1068 1209 1125 1244 vel
1150 1208 1216 1255 ἄρα
1241 1208 1299 1242 vel
1324 1210 1386 1254 γάρ
1412 1207 1469 1242 vel
1491 1207 1588 1242 aliud

61 1264 146 1310 quid
175 1275 240 1310 pro
270 1261 305 1300 οἱ
335 1264 555 1311 exhibent3),
590 1265 672 1300 inde
703 1267 778 1300 veri
809 1266 922 1301 simile
953 1278 1032 1301 meo
1063 1265 1206 1312 quidem
1236 1265 1366 1300 iudicio
1392 1277 1462 1299 non
1487 1264 1527 1299 fit
1551 1265 1588 1298 in

60 1320 154 1356 mell.
180 1320 258 1355 aliis
287 1321 374 1357 locis
404 1319 440 1357 οὶ
465 1321 704 1357 oblitteratum
731 1335 817 1357 esse.
867 1324 975 1358 immo
1002 1336 1082 1358 cum
1107 1323 1202 1358 mell.
1229 1320 1264 1359 οἱ
1294 1322 1447 1357 fideliter
1473 1334 1587 1356 serva-

60 1378 141 1422 rint,
172 1378 235 1413 ubi
260 1384 435 1414 mutatum
461 1384 513 1413 est
538 1380 573 1413 in
600 1379 697 1422 dett„
729 1380 766 1414 id
791 1381 906 1426 ipsum
931 1393 994 1415 nos
1021 1380 1163 1415 docebit
1188 1392 1363 1415 summam
1390 1381 1588 1414 cautionem

60 1434 222 1471 adhiberi
259 1441 421 1483 oportere
457 1438 492 1471 in
525 1438 731 1483 pronomine
768 1437 826 1472 illo
866 1443 988 1472 contra
1024 1437 1187 1473 codicum
1224 1437 1317 1472 mell.
1344 1437 1588 1471 auctoritatem

59 1493 274 1538 reponendo.

174 1549 246 1585 Sed
276 1555 466 1597 antequam
496 1551 541 1585 de
571 1551 767 1586 Hermanni
798 1552 1019 1595 coniecturis,
1056 1564 1143 1598 quas
1174 1552 1402 1597 Brugmanus
1435 1556 1588 1585 tractare

60 1605 171 1642 noluit
197 1607 257 1655 (cf.
276 1620 310 1655 p.
329 1608 402 1655 36),
436 1608 549 1645 verba
573 1609 670 1654 fiant,
704 1608 900 1644 notandum
931 1614 984 1643 est
1013 1609 1147 1644 formae
1178 1605 1213 1645 οἱ
1243 1608 1289 1644 ad
1315 1608 1487 1655 pluralem
1513 1608 1588 1642 sive

176 1742 197 1778 ¹)
219 1743 262 1771 Cf.
284 1744 317 1770 F.
332 1743 498 1777 Miklosich,
525 1744 624 1772 Ueber
649 1744 675 1771 d.
695 1745 793 1772 reflex.
819 1744 973 1771 Gebrauch
995 1744 1021 1770 d.
1040 1744 1222 1771 Pronomens
1242 1738 1279 1771 οὗ
1299 1747 1365 1777 etc„
1390 1743 1540 1771 Sitz.-Ber.
1561 1744 1587 1770 d.

60 1790 181 1817 Wiener
200 1791 303 1825 Akad.,
323 1791 481 1819 Pha-hist.
502 1791 546 1819 Cl.
565 1792 580 1818 I
607 1791 716 1826 (1848),
741 1801 768 1827 p.
791 1792 947 1825 119—127,
972 1792 1077 1826 Beyer,
1102 1792 1148 1818 De
1175 1792 1295 1818 notione
1323 1795 1437 1818 mutata
1457 1800 1587 1827 pronom.

60 1836 75 1865 ἕ
94 1838 156 1875 σφέ
174 1840 249 1875 σφίν
270 1842 325 1866 cet.
340 1848 435 1875 progr.
450 1839 626 1867 Neostettin.
643 1840 725 1872 1871,
746 1839 778 1866 C.
793 1840 952 1875 Brugman,
973 1839 1029 1866 Ein
1044 1839 1181 1866 Problem
1202 1839 1228 1866 d.
1244 1839 1354 1867 homer.
1369 1839 1539 1866 Textkritik
1559 1848 1588 1866 u.

59 1885 86 1912 d.
107 1886 265 1922 vergleich.
287 1886 484 1922 Sprachwiss.,
505 1887 624 1922 Lipsiae
647 1887 728 1921 1876,
748 1887 770 1913 Ι.
790 1887 933 1927 Rappold,
954 1887 1015 1913 Das
1035 1887 1330 1922 Reflexivpronomen
1350 1886 1398 1913 bei
1418 1886 1589 1922 Aeschylos,

60 1933 233 1968 Sophokles,
253 1934 419 1970 Euripides.
439 1943 534 1970 progr.
549 1934 728 1970 Klagenfurt
750 1934 830 1961 1873.

174 1981 199 2016 ²)
220 1981 347 2009 Nomina
367 1990 467 2009 eorum
488 1981 615 2009 collecta
633 1983 767 2009 invenies
788 1983 819 2008 in
839 1982 992 2009 Huebncri
1012 1982 1085 2009 libro
1108 1991 1128 2008 s.
1144 1991 1167 2009 c.
1183 1991 1209 2017 p.
1225 1983 1270 2015 47,
1292 1982 1343 2008 ubi
1363 1982 1491 2009 Hartelii
1517 1991 1589 2009 cen-

60 2036 155 2054 suram
183 2028 231 2063 (cf.
252 2028 326 2055 Ann.
346 2038 446 2064 gymn.
472 2029 567 2056 Austr.
590 2030 671 2063 1878,
696 2039 722 2064 p.
744 2030 797 2056 735
816 2029 871 2065 sq.)
898 2030 1033 2056 omissam
1060 2037 1123 2056 esse
1149 2037 1182 2055 eo
1208 2030 1302 2064 magis
1328 2030 1425 2062 miror,
1450 2029 1529 2065 quod
1554 2037 1590 2056 ea

59 2074 182 2102 affertur
201 2084 219 2103 a
238 2076 413 2112 Bambergio
434 2076 475 2103 ibi
495 2077 585 2103 citato
607 2076 655 2112 (cf.
669 2076 744 2113 Eph.
760 2086 860 2112 gymn.
881 2077 976 2104 Berol.
1001 2077 1082 2110 1877,
1103 2086 1130 2112 p.
1145 2076 1222 2112 359).

175 2123 196 2158 ³)
216 2124 263 2151 En
283 2124 373 2151 habes
394 2133 443 2151 eos
463 2124 543 2152 locos
563 2125 606 2152 ita
626 2125 795 2160 descriptos,
815 2128 849 2152 ut
869 2126 974 2160 viginti
994 2125 1039 2151 illi
1059 2125 1205 2152 asteriscis
1225 2125 1348 2152 adiectis
1369 2128 1521 2152 notentur:
1543 2126 1589 2159 56,

60 2170 106 2202 58,
121 2171 166 2204 67,
183 2172 246 2205 173,
261 2173 326 2204 226,
341 2173 405 2206 231,
421 2173 485 2205 245,
501 2173 565 2206 249,
580 2174 644 2206 253,
659 2174 725 2206 267,
739 2174 804 2206 270,
819 2174 885 2206 271,
899 2174 963 2206 275,
978 2171 1061 2206 3283,
1075 2172 1160 2205 6291,
1174 2173 1238 2205 296,
1253 2173 1318 2205 298,
1340 2173 1404 2206 299,
1419 2173 1502 2206 θξ394,
1524 2174 1588 2205 495,

60 2217 125 2251 503,
135 2217 219 2252 ἰι530,
231 2219 296 2253 533,
309 2219 390 2253 7534,
402 2220 467 2252 546,
479 2220 544 2253 578,
555 2220 620 2253 589,
634 2221 689 2247 656
705 2220 782 2255 (bis),
796 2218 879 2254 *675,
894 2220 958 2253 684,
973 2221 1037 2253 693,
1053 2221 1115 2253 731,
1130 2221 1215 2253 *734,
1229 2218 1311 2254 *761,
1325 2219 1409 2254 ἑξ773,
1423 2219 1507 2253 7775,
1525 2221 1589 2253 788,

60 2264 125 2299 807,
141 2266 206 2300 813,
221 2267 285 2301 818,
299 2267 383 2301 11836,
398 2266 481 2301 7838,
495 2268 560 2301 868,
575 2267 659 2301 ἦε889,
673 2269 739 2302 926,
753 2269 818 2301 936,
831 2266 934 2302 *1026,
949 2267 1052 2302 ᾖ(1028,
1066 2268 1169 2302 71035,
1183 2266 1286 2301 71102,
1304 2269 1384 2302 1136,
1404 2269 1484 2302 1141,
1509 2269 1588 2302 1181,

63 2312 145 2345 1200,
160 2312 262 2348 *12o1,
276 2314 379 2347 ἦ*12ο9,
394 2314 497 2348 51256,
514 2316 594 2349 1264,
612 2316 788 2348 1272,1277‚
804 2316 883 2348 1309,
898 2316 978 2348 1311,
993 2316 1073 2347 1331,
1088 2316 1168 2348 1333,
1184 2316 1357 2348 1352,1360.
1379 2315 1422 2342 ef.
1434 2315 1589 2342 Hillmaun

59 2357 79 2385 l.
94 2367 118 2395 e.
133 2368 160 2395 p.
178 2361 211 2387 19
232 2361 297 2389 adn.
313 2363 359 2390 21.
1348 2376 1350 2380 ’
