1734 2492
31 0 52 16 (Ψ
62 0 75 8 ²·
87 0 101 17 ι’
144 11 149 18 ι

0 0 60 79 ᾗῇ

7 75 55 98 w*

0 128 42 177 ‚ff-,f

187 24 266 60 Iam
290 37 480 71 pergamus
505 28 551 62 ad
577 40 772 74 pronomen
798 29 1126 71 demonstrativum,
1153 28 1248 75 quod
1275 28 1362 62 ‘sine
1384 27 1527 62 nomine
1549 37 1609 72 po-

0 87 65 127 [24⁴-
74 83 181 117 situm
214 81 269 117 bis
301 84 492 129 repetitum
526 85 669 119 efficere
699 87 815 131 potest
839 86 1080 132 partitionem.
1114 84 1134 121 ὃ
1159 86 1248 131 μὲν.
1269 113 1276 120 .
1297 83 1344 121 ,ὃ
1370 83 1410 120 δέ
1433 83 1551 119 alius.

74 136 186 177 alius’.
237 151 363 174 verum
395 146 436 174 ut
468 141 564 187 apud
590 142 786 177 Homerum
821 148 914 188 sunt,
948 154 1039 189 quae
1072 143 1297 188 partitionem
1329 141 1473 176 efficere
1504 152 1608 187 posse

75 195 276 241 videantur,
311 185 374 231 sed
407 210 477 232 non
512 198 671 233 efficiant
705 199 765 246 (cf.
792 199 894 235 Ebel.
920 200 956 234 II
984 200 1047 234 12b
1072 199 1129 245 Γ),
1161 200 1212 234 sic
1237 212 1271 234 v.
1292 199 1362 234 724
1379 211 1430 245 sq.
1457 198 1608 244 legimus

1 279 6 283 -
32 286 35 288 μ
71 257 136 290 τοῦ
160 252 223 299 μὲν
247 253 416 302 δή-τοῦ
441 253 490 299 δέ,
517 267 609 302 quae
633 256 822 291 referenda
847 262 928 291 sunt
952 257 998 291 ad
1024 256 1173 291 Idmona
1199 262 1234 290 et
1257 256 1424 302 Tiphym.
1477 256 1541 291 s‘ed
1567 268 1606 290 re

76 321 163 345 vera
187 311 330 357 partitio
357 316 410 346 est
435 312 469 346 in
496 324 555 347 vv.
574 312 646 347 520
672 312 748 358 (καί
771 310 803 359 ῥ’
821 312 858 349 οἳ
880 314 943 358 μὲν
961 341 969 348 .
989 340 996 347 .
1014 311 1052 348 οἳ
1074 312 1141 358 δέ),
1178 312 1268 347 1286
1295 311 1371 358 (καί
1396 310 1465 360 ῥ’ἣ
1490 313 1553 358 μὲν
1572 341 1578 348 .
1600 342 1607 347 .

75 365 96 415 ’ἢ
123 365 162 402 δέ
187 366 233 401 cf.
251 369 272 401 Ι
295 366 391 414 634),
427 368 494 402 837
532 367 586 413 (οἳ
617 370 679 415 μὲν
711 372 775 416 γὰρ
808 372 981 416 μακάρων,
1016 368 1053 404 οἳ
1085 367 1117 404 δ’
1143 371 1264 417 ἡρώων
1287 368 1385 415 γένος
1408 368 1528 415 ἐσμὲν;
1563 369 1608 403 de

75 424 190 471 prima
224 436 375 471 persona
409 425 453 460 cf.
477 437 497 471 y
528 425 596 460 153
627 425 664 462 οἳ
690 426 754 472 μὲν
782 425 936 472 ἕλκομεν,
966 425 1106 474 ἡμισέες
1131 423 1163 461 δ’
1180 427 1391 473 ἐλαύνομεν).
1443 439 1462 460 e
1488 438 1607 460 recen-

10 507 12 510 *
73 480 224 516 tioribus
250 481 403 516 conferri
429 487 577 528 possunt
601 482 718 529 Apoll.
737 483 756 517 Ι
781 483 838 529 72,
859 482 937 527 186,
964 482 1085 526 Quint.
1103 482 1121 517 I
1146 483 1227 528 400,
1245 482 1325 517 482.

189 538 231 573 In
256 550 316 573 vv.
336 538 406 573 363
438 537 490 586 (οἳ
518 536 550 575 δ’
564 537 627 607 )ἆ’ρ’
649 537 707 575 ἐπ’
730 538 880 588 εἰρεσίην
909 536 1036 584 ε’πεχον
1066 541 1182 586 χεῖράς
1205 553 1243 575 τε
1268 541 1348 576 νόον
1372 554 1410 576 τε
1433 540 1436 587 Ι
1459 541 1608 588 ἄκμητοι

5 622 7 624 -
73 595 268 643 βασιλῆες),
294 596 364 631 563
384 596 422 645 (ἢ
440 597 478 633 δὲ
495 595 574 632 κατ’
591 596 776 645 ὀρφναίοιο
794 597 907 633 πόλου
930 598 1110 646 χρυσήνιος
1127 594 1219 640 Ἠὼς
1240 597 1244 643 1
1267 596 1429 646 ἀντολίην
1445 598 1607 645 ἤνοιγεν),

19 691 26 694 ,
75 652 146 688 840
172 654 251 699 (τοῦ
276 652 307 689 δ’
325 654 391 701 ἄρα
417 656 532 701 θυμὸς
556 651 733 701 ὀρίνετο
720 668 797 698 ισος
826 654 931 703 ἀέλλῃ
954 655 959 701 Ι
981 655 1159 702 Λιήτεω),
1194 654 1263 689 966
1299 653 1347 700 (
1316 668 1353 690 αι
1383 652 1415 690 δ’
1437 654 1609 701 ὀτραλέως

74 712 305 745 ὑπάκουσαν.
352 713 555 759 .Τισιφόνη
588 725 626 747 τε
658 725 718 747 και
742 710 900 759 Ἀληκτὼ
933 710 993 746 καὶ
1019 712 1078 746 δῖα
1104 709 1285 757 Μέγαιρα)
1319 711 1609 754 demonstrativa,

75 770 115 800 ut
139 767 282 813 saepius
308 767 403 813 apud
424 768 629 813 Homerum,
656 768 702 803 ad
729 768 913 815 sequentia
931 772 1095 814 spectant
1112 767 1174 814 (cf.
1194 766 1281 802 Call.
1300 767 1352 802 VI
1381 767 1458 813 120,
1485 767 1607 811 Quint.

1 858 4 863 ,
74 823 94 857 Ι
117 823 204 870 400)
213 823 251 869 1),
280 836 349 870 quo
375 837 506 869 genere
531 825 577 859 ad
604 825 792 859 articulum
818 824 1092 868 transducimur,
1120 824 1165 858 de
1191 836 1259 870 quo
1285 825 1355 858 iam
1374 836 1464 870 quae
1482 836 1610 859 memo-

6 897 10 900 ·
75 878 202 914 rabilia
228 874 306 915 esse
331 881 498 916 videntur
523 881 681 916 breviter
707 894 938 929 exponemus.

189 938 385 973 Intercedit
409 939 586 985 particula
611 941 702 974 inter
727 939 917 974 articulum
943 944 978 974 et
1003 951 1148 974 nomen:
1175 939 1245 974 209
1270 941 1314 974 τά
1338 937 1370 974 τ’
1387 940 1490 975 ἐόντα
1514 941 1558 974 τά
1579 938 1610 974 τ’

74 993 249 1041 ἐσσόμεν’;
282 995 326 1030 cf.
346 997 388 1030 A
414 995 470 1040 70,
499 995 591 1030 1202
616 998 660 1031 τὰ
686 997 724 1032 δὲ
757 997 776 1041 (
775 997 813 1032 δὲ
839 996 1052 1040 Schneider3
1080 996 1184 1032 codd.
1202 997 1257 1040 τε)
1289 996 1378 1032 καλὰ
1402 998 1483 1044 φύει
1508 1009 1611 1042 μενο-

74 1051 169 1088 εικέα
204 1053 315 1100 δῶρα,
356 1053 401 1088 cf.
428 1068 447 1101 ρ
481 1053 561 1099 203,
597 1057 630 1089 Γ
659 1054 716 1090 54.
766 1054 935 1090 articulus
969 1059 1052 1089 ante
1085 1066 1214 1089 nomen
1248 1054 1409 1089 adiectus
1443 1059 1513 1088 est:
1552 1055 1613 1089 τὸν

75 1110 273 1156 δρκονιὸ55
299 1111 453 1156 (versus,
467 1116 561 1146 totus
587 1124 633 1146 ex
650 1112 807 1146 Homero
830 1111 1038 1157 desumptus
1062 1116 1129 1155 est3
1158 1111 1202 1145 cf.
1221 1125 1247 1157 μ
1264 1110 1345 1155 304,
1363 1124 1383 1146 ο
1401 1110 1482 1155 438,
1501 1123 1524 1146 σ
1540 1111 1614 1157 59),

75 1166 95 1202 o‘
119 1166 229 1214 γέρων
252 1167 320 1202 451
349 1168 460 1214 (quod
477 1168 553 1203 fere
570 1169 677 1204 moris
695 1174 748 1203 est
765 1169 863 1215 apud
880 1163 1095 1214 Homerum3
1123 1168 1168 1203 cf.
1187 1168 1367 1203 Stummer
1392 1180 1426 1215 p.
1448 1168 1489 1202 17
1510 1168 1615 1215 sqq.)‚

75 1227 137 1261 τὸν
160 1226 300 1272 μόχθον
328 1226 419 1261 1148
446 1227 524 1273 (ubi
550 1227 671 1262 sentiri
696 1232 813 1273 potest
838 1227 892 1261 vis
918 1226 1227 1273 demonstrativa).
1267 1226 1407 1261 articuli
1433 1238 1500 1272 ope
1526 1227 1616 1260 fiunt

77 1282 301 1317 substantiva
319 1295 365 1317 ex
383 1283 576 1318 adiectivo:
602 1285 664 1319 τὸν
680 1284 825 1331 ἄριστον
842 1283 908 1318 851
929 1305 974 1309 -
994 1296 1040 1318 ex
1059 1283 1269 1318 Schneideri
1288 1284 1391 1329 coni.,
1406 1283 1513 1318 codd.
1532 1279 1614 1322 τιν’;

77 1340 121 1376 cf.
139 1339 159 1382 ξ
178 1339 233 1386 19,
259 1344 293 1375 Ζ
306 1340 377 1376 435
410 1340 575 1388 quodque
605 1347 701 1377 certe
727 1341 838 1377 simile
863 1346 916 1377 est
940 1345 985 1377 τὰ
1010 1340 1142 1378 ἕκαστα
1166 1341 1246 1386 767,
1267 1341 1358 1376 1155
1385 1341 1446 1387 (cf.
1466 1344 1507 1376 A
1533 1341 1613 1385 706,

75 1411 101 1442 μ
129 1398 182 1441 16,
207 1397 285 1442 165,
310 1397 331 1438 ξ
347 1397 432 1444 375)
452 1418 497 1422 —
515 1403 550 1432 et
567 1410 585 1431 e
603 1399 799 1444 participio,
817 1398 912 1444 quod
930 1398 1026 1432 haud
1044 1398 1212 1444 frequens
1231 1404 1285 1432 est
1302 1398 1399 1443 apud
1417 1398 1612 1432 Homerum

76 1453 139 1501 (cf.
170 1455 202 1489 Φ
228 1453 308 1500 262,
339 1456 375 1490 Ψ
397 1454 496 1500 325);
522 1456 563 1491 τὸ
587 1454 819 1503 πεπρωμένον
845 1455 953 1500 1110,
981 1454 1060 1491 209.
1112 1455 1318 1501 adiungitur
1350 1455 1520 1491 articulus
1553 1454 1612 1490 ad-

76 1511 217 1546 verbio:
248 1514 290 1547 τὸ
314 1513 475 1558 πρόσθεν
502 1513 544 1546 19
571 1513 633 1558 (cf.
655 1515 690 1547 Ψ
713 1513 810 1559 583).
860 1513 1031 1548 articulus
1056 1518 1138 1548 ante
1165 1513 1383 1547 adiectivum
1418 1526 1499 1547 cum
1535 1512 1614 1547 sub-

77 1570 231 1604 stantivo
257 1571 496 1604 consociatum
522 1571 679 1616 ponitur:
706 1570 775 1605 303
792 1572 852 1605 τὸν
870 1568 1052 1617 ἀπείριτον
1069 1568 1200 1617 αἰθέρα
1216 1568 1351 1617 τέμνων
1369 1569 1614 1617 (Hermannus

76 1627 266 1664 articulum
292 1628 349 1664 ‘ab
367 1628 550 1676 epicorum
568 1628 824 1664 consuetudine
841 1628 1103 1664 abhorrentem'
1122 1629 1158 1663 in
1183 1625 1219 1664 οἱ
1243 1629 1406 1672 mutavit,
1434 1628 1613 1663 Rzachius

77 1685 194 1732 (Neue
220 1686 330 1720 Beitr.
350 1699 384 1732 p.
405 1686 489 1732 370)
524 1687 708 1732 proposuit
741 1685 779 1728 ὃς
798 1714 804 1720 .
826 1714 833 1720 .
852 1684 979 1731 τέμνει.
1031 1685 1094 1719 sed
1127 1685 1296 1719 articulus
1332 1685 1477 1719 defendi
1511 1697 1615 1731 posse

50 1736 218 1776 ’videtur
242 1741 328 1777 locis
355 1742 543 1777 homericis
568 1755 589 1777 a
613 1742 742 1777 Wielio
769 1742 787 1777 I
812 1742 858 1777 23
884 1742 1022 1786 adlatis,
1049 1742 1148 1777 velut
1172 1755 1189 1777 ε
1208 1741 1276 1777 185
1300 1743 1342 1777 τὸ
1366 1743 1615 1788 κατειβόμενον

75 1801 205 1845 Στυγὸς
229 1800 350 1846 ὕδωρ),
377 1800 449 1834 474
472 1799 533 1835 καὶ
556 1802 576 1847 ἡ
602 1800 706 1847 κλυτὴ
732 1795 948 1847 (Υψιπύλεια
979 1799 1222 1845 (Hermannus
1249 1799 1375 1834 eodem
1400 1799 1505 1834 modo
1531 1802 1551 1848 ἡ
1578 1800 1613 1833 in

77 1853 113 1892 οἱ
146 1858 313 1900 mutavit3
348 1856 411 1892 sed
437 1857 482 1894 cf.
504 1860 535 1892 Y
556 1857 626 1892 320
658 1855 715 1906 ἠδ’
737 1857 757 1893 ὁ
781 1858 903 1901 κλυτὸς
926 1856 985 1905 ἦεν
1006 1854 1194 1902 Ἀχιλλεύς,
1229 1859 1265 1891 Κ
1289 1856 1389 1903 536),
1428 1856 1519 1891 1320
1553 1858 1614 1892 τὸν

76 1913 116 1950 ὃν
139 1915 248 1950 πόσιν
281 1914 366 1961 (uno
392 1920 530 1950 tantum
560 1915 636 1950 loco
666 1915 854 1950 articulum
880 1927 961 1950 cum
986 1915 1192 1961 pronomine
1217 1915 1419 1960 possessivo
1446 1915 1614 1959 coniungi

75 1972 206 2007 mirum
230 1983 301 2006 non
335 1977 398 2016 est,
436 1984 517 2007 cum
551 1972 648 2019 apud
673 1973 869 2008 Homerum
895 1971 1095 2007 Stummero
1128 1977 1219 2007 teste
1244 1984 1279 2018 p.
1298 1971 1342 2006 47
1362 1984 1414 2019 sq.
1442 1971 1614 2007 articulus

77 2028 410 2076 duodequadragies
427 2034 589 2076 ponatur,
608 2030 687 2076 plus
704 2031 913 2076 nongenties
931 2030 1139 2075 omittatur).
1178 2029 1329 2075 adparet
1347 2030 1500 2075 omnino,
1519 2029 1614 2075 quod

192 2185 214 2219 ¹)
239 2184 351 2212 Eodem
373 2185 459 2211 modo
480 2185 654 2220 explicanda
675 2188 719 2212 est
739 2185 842 2212 Wielii
863 2185 903 2220 (11
926 2184 975 2220 29)
1001 2185 1169 2211 coniectura
1189 2184 1227 2210 ad
1248 2192 1274 2210 v.
1290 2185 1345 2210 503
1365 2184 1482 2219 prolata
1502 2186 1617 2218 Αἰνῆος

78 2231 168 2268 φίλος
187 2231 261 2266 υἱός,
283 2232 318 2259 ὃν
338 2234 356 2268 ἡ
376 2233 440 2260 τέκε
462 2231 513 2260 δῖα
534 2235 701 2269 γυναικῶν,
722 2232 773 2259 sed
793 2233 933 2268 respectis
953 2233 998 2265 iis,
1019 2240 1095 2267 quae
1115 2240 1142 2268 p.
1159 2232 1213 2258 244
1235 2231 1271 2258 de
1292 2240 1324 2258 re
1344 2232 1467 2259 metrica
1482 2233 1615 2268 exposui,

8 2281 12 2284 '
77 2278 153 2307 nihil
178 2281 256 2308 inest
282 2280 451 2308 offensionis
476 2281 507 2307 in
532 2280 628 2308 verbis
657 2280 772 2308 traditis
802 2281 838 2308 ὅν
864 2281 900 2308 οἱ.
941 2279 1162 2316 improbabilius
1193 2280 1281 2307 etiam
1309 2280 1473 2307 Hermanni
1500 2282 1615 2315 Αῖνῆος

25 2333 28 2335 ’
75 2327 149 2361 υἱός,
169 2327 223 2356 τόν
244 2328 274 2355 οἱ
294 2328 410 2365 (vocem
431 2329 520 2366 φίλος
540 2337 576 2356 ex
596 2329 719 2356 Homeri
739 2329 943 2356 recordatione
964 2331 1057 2356 ortam
1079 2336 1143 2355 esse
1163 2327 1269 2364 putat).
