1734 2492
67 9 147 68 ¹3⁴&
163 6 183 59 Ϊ
196 5 293 67 2457,
324 20 369 55 de
395 19 482 56 Call.
501 20 536 54 V
561 19 607 54 38
632 19 797 54 dubitare
825 18 920 54 licet.
971 31 1075 54 casus
1105 18 1240 65 obliqui
1270 19 1456 64 quinquies
1486 16 1554 51 hoc

0 66 136 132 J'wd'o
152 83 368 143 usurpantur
390 78 428 112 in
450 76 623 123 Odyssia:
650 76 672 111 δ
688 75 744 120 97,
769 90 786 112 ε
802 75 884 121 481,
910 75 931 118 ξ
949 76 980 120 7,
1007 87 1030 111 σ
1046 75 1102 121 27,
1128 87 1149 121 γ
1165 75 1251 120 4083
1278 79 1421 109 sextum
1436 74 1554 108 locum

0 117 141 195 {nescio
166 148 213 172 an
236 136 313 170 iure
330 133 511 168 addiderit
526 132 751 177 Ebelingius·
777 145 804 180 φ
830 104 898 167 303
923 132 962 174 ἐξ
978 130 1029 177 οὗ,
1056 133 1150 179 quod
1176 132 1333 178 explicat
1357 132 1432 166 ille:
1459 130 1554 165 ‘inde

0 182 70 247 'sah
94 206 136 230 eo
160 190 331 238 tempore'
358 190 420 237 (cf.
445 188 860 237 Soph.0ed.R.1202).
912 188 1115 236 exemplum
1150 195 1279 233 autem,
1314 188 1408 235 quod
1444 199 1552 222 unum

21 265 70 295 ex
93 250 205 287 Iliade
230 248 470 284 Lammertius
503 260 539 294 p.
558 247 580 282 3
614 259 686 281 non
718 248 792 281 sine
826 247 1046 282 dubitatione
1080 247 1212 282 adfert·
1246 249 1277 282 E
1302 246 1381 290 172,
1416 258 1480 280 cur
1503 246 1553 279 ita

13 309 240 358 accipiamus
257 317 334 340 esse
352 317 423 339 non
440 305 592 339 videtur.
634 316 750 350 neque
767 304 976 339 Callimachi
1000 304 1061 350 (cf.
1080 304 1136 339 ΙΙΙ
1163 304 1241 348 190,
1265 303 1341 338 ΙΙΠ
1369 303 1446 344 166,
1465 301 1551 348 284)

16 370 83 404 (aut
107 363 286 413 Apollonii
309 362 378 398 loci
405 361 439 409 (I
466 361 568 406 1047,
589 361 690 408 1307,
716 361 752 396 II
778 361 858 407 397,
883 361 958 397 IIII
983 361 1079 408 279),
1107 362 1167 408 qui
1192 361 1262 396 huc
1287 361 1379 396 trahi
1405 364 1553 407 possunt

16 422 234 472 (Schneider
259 419 420 456 omnibus
446 420 544 465 locis,
571 419 765 455 Merkelius
790 420 902 465 primo
927 425 1064 455 tantum
1090 420 1192 454 colon
1217 418 1362 465 posuit),
1396 419 1446 452 ita
1470 423 1553 453 sunt

12 471 230 528 comparati,
264 483 303 512 ut
328 478 401 512 vim
427 477 742 512 demonstrativam
768 482 922 512 statuere
948 488 1125 522 cogamur.
1179 476 1223 511 de
1249 476 1382 520 Quinto
1417 476 1454 510 id
1479 480 1553 511 tan-

0 538 98 574 'tum
140 536 329 572 adfirmare
367 546 511 581 possum
548 546 605 568 me
644 535 680 569 in
718 534 832 580 primo
869 533 959 569 libro
998 534 1078 568 talis
1116 546 1200 568 usus
1240 533 1445 579 exemplum
1483 545 1552 567 nou

22 594 211 630 invenisse.
262 597 384 626 contra
417 592 452 625 in
478 591 729 636 Argonauticis
761 590 950 625 habemus:
984 590 1024 626 ὃν
1049 591 1090 638 δή
1118 590 1230 636 (389),
1264 593 1322 631 οὕς
1348 589 1460 636 (518),
1495 592 1555 632 οὓς

0 657 80 689 ᾓτοι
105 649 217 697 (522),
243 649 283 685 ὅν
309 647 422 695 (752),
449 644 497 683 ὧν
521 646 603 694 πέρι
630 646 766 694 (1191).
794 647 920 682 collato
947 646 1124 693 Apollonii
1150 660 1183 681 V.
1201 647 1275 681 IIII
1303 646 1404 690 1054,
1430 646 1491 681 ubi
1516 646 1554 689 ὅς

8 720 87 755 ἶ[πο
113 705 389 741 demonstrativo
414 710 468 740 est
491 705 529 739 in
555 705 737 739 enuntiato
763 704 941 750 primario,
972 705 1029 738 cui
1055 703 1237 750 praecedit
1262 703 1461 749 relativum,
1492 703 1553 738 du-

23 764 130 836 1)ίωί
155 768 282 810 potest,
308 767 427 798 utrum
451 763 486 796 in
512 775 547 797 v.
568 761 660 796 1225

321 836 428 881 αὐτὰρ
452 833 533 868 ἐπει
558 833 721 881 Μήδειαν
745 833 929 879 ἐσέδρακεν
953 833 1178 880 ὀφθαλμοῖσι

320 891 392 926 λῖτι
416 857 690 937 καλυπτομένην,
716 890 806 938 ἑανῷ
832 887 866 926 δ’
882 891 1039 935 ἆμπισχε
1065 893 1214 936 παρειὰς

321 947 507 995 αἰδομένη·
533 948 667 994 χλωρὸν
690 950 754 994 γὰρ
779 947 850 983 ὑπὸ
876 946 1031 994 στέρνοις
1055 948 1225 994 ἀκάχητο·

208 1011 297 1040 1225
323 1005 365 1053 ἣν
388 1002 464 1041 τότ’
488 1003 757 1051 ἐποικτείρουσα
780 1005 964 1052 προσηύδα
988 1004 1049 1040 καὶ
1073 1007 1166 1051 φάτο
1192 1002 1305 1052 Κίρκη

25 1069 187 1112 codicum
215 1076 257 1125 ἣν
285 1077 430 1111 retineri
455 1077 567 1123 possit
592 1089 638 1111 an
664 1088 745 1111 cum
771 1076 977 1111 Hermanno
1003 1081 1037 1110 et
1063 1075 1192 1110 Abelio
1218 1075 1471 1111 Sanctamandi
1496 1079 1557 1124 τὴν

23 1134 268 1180 recipiendum
294 1135 348 1168 sit.
392 1133 604 1169 Schneideri
629 1135 671 1181 δὴ
695 1130 780 1177 τότ’,
807 1133 901 1179 quod
920 1133 1048 1168 Sitzler
1073 1133 1190 1168 denuo
1216 1135 1409 1180 proposuit,
1436 1135 1556 1180 utique

23 1191 242 1226 reiciendum
276 1202 354 1226 esse
387 1191 539 1225 videtur.
590 1191 684 1237 quod
718 1191 763 1225 ad
797 1203 831 1225 V.
858 1190 930 1225 550
962 1190 1114 1235 adtinet,
1154 1203 1235 1225 cum
1272 1192 1308 1225 in
1341 1203 1375 1225 v.
1403 1191 1472 1225 546
1506 1196 1555 1238 τῷ

23 1252 168 1294 propter
200 1244 235 1284 οἱ
268 1260 463 1294 pronomen
496 1249 560 1282 vix
593 1260 670 1283 esse
700 1248 811 1294 possit
838 1270 877 1273 —
906 1249 1013 1283 immo
1043 1247 1255 1283 adverbium
1286 1254 1340 1283 cst
1370 1269 1414 1274 —-
1439 1261 1555 1295 neque

24 1304 111 1340 illud
135 1306 175 1341 ὅν
198 1307 242 1352 ῥα
267 1318 331 1352 pro
365 1306 573 1352 pronomine
606 1306 824 1352 accipiemus
857 1305 1014 1341 relativo.
1065 1307 1185 1351 itaque
1220 1307 1384 1341 carminis
1418 1306 1556 1341 ambitu

24 1367 185 1409 respecto
217 1363 253 1397 in
289 1362 540 1409 Argonauticis
574 1362 679 1397 latius
712 1362 808 1398 hunc
845 1375 950 1398 usum
989 1375 1136 1398 casuum
1175 1363 1396 1410 obliquorum
1434 1369 1555 1410 patere

23 1418 197 1455 videmus.
240 1420 285 1454 de
311 1420 543 1467 scriptoribus
568 1422 685 1455 atticis
712 1421 756 1456 cf.
774 1420 947 1455 Kuehner
970 1421 1007 1455 ΙΙ
1034 1420 1060 1467 ξ
1077 1421 1158 1466 561,
1177 1421 1199 1455 2
1229 1427 1263 1456 et
1288 1434 1376 1467 quos
1401 1421 1555 1467 exempli

25 1487 133 1511 causa
165 1477 258 1511 addo
291 1478 387 1512 locos
414 1477 724 1523 Oedipi-Colonei,
760 1477 888 1523 quibus
913 1477 1121 1512 Dindorfius
1151 1479 1186 1511 in
1218 1478 1332 1512 lexico
1359 1477 1556 1524 Sophocleo

25 1544 103 1567 eam
128 1545 204 1569 rem
227 1534 394 1570 illustrat:
421 1535 490 1570 275
509 1531 609 1581 (ἀνθ’
626 1532 683 1579 ὧν,
703 1535 748 1569 cf.
767 1534 848 1580 953,
869 1534 987 1581 1010),
1005 1534 1086 1580 636,
1105 1535 1184 1578 950,
1207 1535 1308 1580 1032,
1330 1534 1430 1579 1298,
1452 1534 1553 1569 1340.

24 1588 109 1623 alios
125 1590 220 1625 locos
239 1593 415 1636 congessit
432 1591 654 1626 Roehrekius
679 1604 713 1637 p.
733 1592 755 1625 5
773 1604 824 1637 sq.
844 1592 939 1637 quod
964 1592 1010 1625 ad
1035 1604 1069 1626 v.
1089 1591 1158 1625 853
1182 1593 1315 1632 attinet,
1342 1592 1403 1625 ubi
1430 1603 1553 1625 anaco-

24 1644 136 1681 luthia
160 1648 315 1693 quadam
341 1649 513 1683 enuntiati
538 1649 696 1694 primarii
721 1647 798 1683 loco
825 1660 904 1683 esse
929 1648 1041 1683 verba
1065 1647 1085 1683 ὃ
1109 1647 1169 1684 καὶ
1193 1647 1294 1695 γέρας
1317 1645 1458 1683 ἔσσεται
1476 1649 1555 1694 ὑμῖν

25 1715 133 1749 supra
158 1717 192 1751 p.
211 1704 281 1740 279
315 1706 507 1753 disputavi,
540 1706 627 1741 illud
652 1706 676 1741 δ’
698 1718 803 1741 sensu
829 1706 1106 1741 demonstrativo
1140 1707 1290 1752 positum
1323 1706 1369 1740 ab
1397 1706 1553 1740 Homero

24 1771 96 1795 non
120 1761 273 1797 alienum
299 1768 367 1808 est,
395 1763 439 1798 cf.
462 1766 496 1798 Ψ
520 1763 552 1807 9,
580 1778 608 1799 ω
636 1763 703 1798 190
728 1763 748 1799 ὃ
773 1766 837 1810 γὰρ
862 1763 963 1809 γέρας
986 1763 1061 1798 ἐστὶ
1087 1765 1278 1799 θανόντων.

137 1818 198 1853 Ad
232 1820 383 1855 alterum
416 1832 540 1866 genus,
574 1820 668 1867 quod
693 1820 903 1866 Ebelingius
929 1820 982 1867 (II
1007 1833 1040 1867 p.
1059 1819 1140 1866 82³)
1167 1821 1287 1855 statuit
1321 1819 1553 1867 (‘pr0nomen'

25 1874 75 1908 ait
108 1876 188 1910 ‘non
223 1882 277 1911 est
309 1878 410 1912 iuxta
443 1890 597 1913 nomen.
619 1906 626 1912 .
646 1878 791 1924 propius
825 1877 966 1912 accedit
998 1878 1044 1912 ad
1069 1877 1282 1912 relativum.
1304 1905 1310 1910 .
1337 1878 1377 1923 a)
1405 1889 1487 1911 nam
1513 1878 1554 1920 is,

25 1930 55 1964 is
79 1933 250 1978 nempe'),
275 1934 483 1969 referendus
508 1946 586 1968 esse
612 1934 754 1968 videtur
778 1934 888 1978 locus,
915 1935 976 1980 qui
1002 1934 1128 1979 legitur
1153 1935 1186 1967 in
1213 1946 1272 1967 VV.
1294 1933 1385 1967 1214
1402 1946 1495 1979 sqq.:

347 2008 422 2048 τοῖς
447 2003 481 2040 δ’
498 2005 592 2053 ἄφαρ
618 2006 801 2052 ὡμάρτησε
820 2032 827 2040 .
848 2032 855 2040 .
874 2005 978 2053 κούρη
997 2033 1005 2040 .
1023 2033 1029 2040 .
1051 2033 1058 2040 .
1077 2005 1232 2052 Αἰήταο,

349 2060 485 2098 Ἠελίου
511 2064 669 2109 θυγάτηρ
694 2083 741 2087 -
765 2061 898 2109 Κίρκην
923 2061 963 2098 δέ
986 2062 1003 2096 ἑ
1027 2063 1245 2110 κικλήσκουσι

347 2121 458 2166 μήτηρ
475 2115 673 2166 Ἀστεροπὴ
697 2118 757 2154 καὶ
781 2119 974 2166 τηλεφανὴς
997 2115 1172 2164 (Ῡπερίων
1198 2139 1241 2142 -

347 2176 370 2223 ἥ
394 2177 437 2222 ῥα
463 2178 560 2218 θοῶς
583 2174 645 2211 ἐπὶ
670 2179 734 2224 νῆα
758 2175 964 2223 κατήλυθεν,

11 2239 109 2278 cum
141 2246 364 2289 parenthesis
396 2247 467 2291 illa,
502 2248 688 2292 quominus
722 2247 942 2280 enuntiatum
974 2258 1012 2279 re
1046 2258 1132 2279 vera
1157 2246 1346 2280 relativum
1372 2253 1555 2290 statuatur,

0 2298 154 2358 obstet.
206 2302 317 2337 simile
352 2286 592 2338 collocationis
626 2303 831 2349 exemplum
865 2302 960 2348 apud
993 2302 1101 2336 alium
1137 2309 1279 2349 poetam
1317 2315 1387 2337 non
1424 2304 1555 2338 inveni.

0 2450 83 2492 *gai-:hur—
138 2464 139 2467 ,
