1734 2492
83 4 249 41 maehum
276 9 311 38 et
325 2 548 38 Nicandrum
572 0 660 36 nihil
684 0 754 36 tale
771 1 901 36 inveni.
928 5 1050 36 contra
1074 0 1118 35 de
1137 1 1270 45 Quinto
1288 0 1454 45 Koechly
1479 10 1513 45 p.
1534 0 1613 41 XC,

84 67 270 111 postquam
301 59 489 108 periodum
522 58 686 94 irrealem
718 63 873 93 tractans
907 58 1002 94 locos
1027 57 1165 103 adtulit,
1201 56 1329 105 quibus
1363 57 1400 92 in
1434 56 1615 91 enuntiato

84 119 251 166 primario
276 117 450 152 habemus
472 114 615 163 ἔμελλεν
640 127 722 150 cum
746 115 919 151 infinitivo
946 120 1203 150 constructum:
1229 115 1248 149 I
1274 115 1353 159 713,
1380 114 1417 149 II
1443 113 1524 159 305,
1543 113 1615 147 VII

88 176 166 218 142,
191 175 273 221 417,
299 173 390 209 VIII
415 173 495 215 341,
523 172 603 218 350,
638 172 689 206 sic
714 172 846 218 pergit:
882 173 1037 207 ‘unicum
1071 172 1134 206 sed
1159 173 1289 206 iustum
1315 176 1369 205 est
1394 171 1427 205 V
1453 170 1522 205 359
1537 181 1613 216 sqq.

30 264 33 265 γ
84 236 129 269 τὰ
154 233 197 280 δὴ
221 234 312 277 τάχα
337 232 454 266 πάντα
478 229 649 272 τέλεσσεν,
685 229 689 275 Ι
723 229 755 264 εἰ
779 230 826 277 μή
851 225 886 264 οἱ
912 228 1081 276 Τριτωνὶς
1105 231 1278 273 ἀάσχετον
1303 226 1434 274 ἔμβαλε
1460 226 1613 263 λύσσαν.’

86 289 182 335 quod
216 287 422 334 exemplum
457 298 538 321 cum
571 286 714 319 unicum
750 297 826 319 esse
860 285 1000 329 dixerit,
1034 286 1163 319 mirum
1198 297 1283 319 sane
1314 290 1368 319 est
1401 296 1483 319 eum
1508 283 1614 330 paulo

86 350 166 391 post
198 345 289 379 inter
322 343 448 377 horum
483 342 722 376 membrorum
754 341 896 387 formas,
930 353 1018 387 quas
1051 341 1206 384 Quintus
1235 341 1429 384 admiserit,
1464 340 1613 375 referre:

86 402 142 436 III
154 401 226 436 514
241 398 320 445 τάχ’
332 398 571 448 ἤλυθε-νύξ,
589 398 623 433 εἰ
639 401 685 446 μὴ
699 419 743 423 -
758 399 993 445 προσεφώνεε,
1011 398 1086 433 ΠΙΙ
1099 398 1165 433 301
1185 397 1250 446 ἦκα
1269 399 1308 434 δὲ
1325 401 1454 440 πάντες
1470 395 1616 444 ἔμιμνον

87 479 133 483 —
158 458 190 492 εἰ
219 458 266 503 μή
297 469 408 503 σφεας
437 454 602 497 ἐνένιπεν,
644 454 697 489 VI
721 454 791 489 503
815 454 875 490 καὶ
899 455 942 502 δὴ
967 457 1058 499 τάχα
1083 476 1128 479 -
1153 455 1287 499 ὄλοντο,
1313 456 1346 489 εἰ
1369 458 1415 502 μὴ
1443 475 1487 479 -
1512 455 1613 500 τύψε,

87 514 160 549 XII
184 512 254 548 269
278 513 518 561 καταβήμεναι
543 509 779 558 ὁρμαίνεσκον,
810 511 843 546 εἰ
866 513 913 557 μὴ
938 532 985 535 -
1010 508 1116 557 ἔρυκε,
1159 510 1252 545 ΧΠΙ
1277 510 1346 545 389
1372 512 1505 558 ὥρμηνε
1529 523 1615 546 κτα-

84 570 181 615 νέειν,
206 570 240 605 εἰ
255 573 302 617 μὴ
320 590 366 594 -
382 567 556 613 κατέρυξε,
583 567 695 602 ΧΙΠῙ
712 567 781 602 232
805 562 933 611 εἷλκον,
958 567 991 603 εἰ
1006 570 1054 616 μὴ
1071 589 1117 593 -
1134 567 1332 614 κατέρυκε-νς
1359 566 1404 602 cf.
1424 567 1515 602 VIII
1533 566 1613 602 215.

85 628 148 663 sed
173 627 283 662 multo
310 626 452 672 saepius
477 624 574 672 apud
601 624 775 669 Quintum
800 626 931 659 usitata
955 624 1068 659 forma
1094 624 1232 670 legitur.

198 684 256 719 Ex
281 684 334 728 iis,
361 695 452 730 quae
478 682 697 729 protulimus,
725 681 841 717 elucet
866 683 903 717 in
928 682 1007 716 talis
1033 682 1169 728 periodi
1194 681 1444 728 hypotheticae
1469 672 1615 729 apodosi
1684 698 1692 702 ¹

84 753 350 787 nonnumquam
389 761 431 766 -—
471 752 612 786 semper
636 739 711 775 fere
736 740 795 784 ita,
822 746 861 774 ut
887 740 1109 774 enuntiatum
1134 739 1384 774 secundarium
1410 740 1616 785 negativum

85 800 128 833 sit
176 819 221 823 —
271 797 504 832 indicativum
529 797 613 843 poni
638 796 774 843 absque
801 796 977 843 particula
1002 796 1044 831 ἄν
1068 795 1126 830 vel
1151 809 1219 840 κεν,
1246 797 1385 831 etiamsi
1410 808 1481 831 non
1506 796 1616 831 verbo

83 857 160 903 ipso
187 854 335 902 (μέλλω)
362 854 420 889 vel
452 854 522 889 alia
547 854 672 889 vocula
705 853 829 889 addita
856 853 981 900 (τάχα)
1015 866 1091 888 rem
1116 853 1248 888 factam
1279 865 1350 888 non
1382 865 1459 888 esse
1485 853 1615 899 signifi-

86 918 195 947 catur.
234 913 271 946 id
296 916 413 946 autem
440 912 595 946 maxime
620 912 728 945 miros
753 923 815 945 nos
841 911 962 955 habet,
989 911 1084 956 quod
1109 912 1145 944 in
1164 910 1415 956 Argonauticis
1441 922 1615 956 nusquam

84 970 224 1004 omnino
255 969 387 1003 usitata
417 968 531 1003 forma
556 969 747 1003 invenitur.
799 968 899 1003 cuius
924 968 976 1002 rei
1003 980 1147 1002 causam
1173 968 1239 1002 nisi
1266 967 1369 1002 huius
1394 968 1520 1002 aetatis
1547 979 1615 1001 ser-

84 1038 223 1061 monem
257 1026 458 1060 accuratius
492 1026 671 1072 persecuti
704 1026 957 1069 invenerimus,
992 1024 1117 1059 melius
1152 1029 1247 1059 certe
1283 1025 1350 1058 erit
1387 1036 1461 1058 rem
1499 1026 1613 1071 ipsam

84 1089 206 1118 notare
223 1095 329 1129 quam
354 1082 529 1118 futtilibus
547 1082 846 1129 explicationibus
870 1081 1066 1128 indulgere.
1103 1081 1197 1128 quod
1223 1081 1269 1116 ad
1294 1077 1616 1128 interpunctionem

84 1145 167 1176 ante
192 1141 225 1175 εἰ
248 1141 294 1187 μή
325 1140 528 1186 ponendam
554 1139 701 1184 adtinet,
732 1152 803 1174 non
828 1139 945 1185 video,
977 1151 1041 1173 cur
1066 1139 1136 1174 alia
1160 1139 1321 1174 membra
1346 1140 1463 1185 potius
1489 1150 1553 1185 per
1578 1151 1616 1173 se

84 1197 294 1243 accipienda
324 1209 412 1243 esse,
440 1197 507 1232 alia
538 1197 647 1231 artius
678 1208 760 1231 cum
784 1197 974 1231 enuntiatis
1000 1197 1175 1242 primariis
1207 1196 1397 1231 cohaerere
1424 1207 1614 1231 sumamuS.

85 1266 223 1289 comma
248 1254 355 1299 igitur
372 1253 596 1289 retinendum
622 1265 699 1288 esse
724 1258 821 1299 puto,
848 1252 943 1299 quod
968 1253 1133 1287 omnibus
1158 1253 1245 1287 locis
1271 1252 1416 1287 defendi
1441 1258 1568 1299 potest.

196 1311 273 1346 Iam
298 1311 512 1347 accedamus
529 1310 576 1345 ad
601 1311 784 1345 enuntiata
810 1309 1077 1355 condicionalia,
1103 1311 1138 1344 in
1165 1310 1295 1357 quibus
1313 1310 1493 1357 optativus
1518 1322 1615 1344 usur-

84 1373 198 1414 patur.
250 1380 320 1415 qua
344 1369 378 1403 in
405 1381 443 1403 re
470 1369 588 1403 statim
614 1367 815 1402 delabimur
840 1367 887 1401 ad
911 1367 1039 1409 locum,
1067 1368 1127 1414 qui
1152 1369 1186 1401 in
1215 1368 1296 1401 crisi
1321 1368 1520 1402 factitanda
1545 1379 1616 1401 ma-

84 1426 200 1461 ximas
230 1425 381 1472 praebet
411 1424 651 1469 difficultates,
687 1424 767 1460 dico
793 1437 827 1459 v.
847 1424 918 1459 844
935 1436 1010 1472 sqq.
1062 1437 1171 1471 quare
1197 1425 1322 1460 melius
1349 1425 1426 1471 erit,
1452 1437 1543 1471 quac
1570 1425 1615 1460 de

86 1484 306 1529 superiorum
332 1488 516 1530 poetarum
549 1495 616 1517 usu
640 1488 822 1528 comperta
852 1482 1037 1526 habemus,
1071 1483 1311 1528 praemittere.
1361 1482 1458 1528 apud
1486 1482 1615 1517 Home-

84 1552 163 1575 rum
188 1540 332 1588 quidem
356 1545 498 1588 praeter
515 1540 644 1575 usitata
668 1539 803 1574 formae
830 1544 978 1586 quartae
1003 1538 1169 1585 exempla
1193 1539 1290 1574 locos
1315 1540 1527 1584 invenimus,
1552 1539 1615 1574 ubi

85 1598 120 1631 in
146 1599 328 1633 enuntiato
352 1599 520 1645 primario
546 1597 761 1632 indicativus
787 1597 926 1643 legitur,
952 1596 1050 1631 velut
1074 1599 1112 1632 K
1127 1596 1197 1631 222
1215 1594 1290 1632 ἀλλ’
1307 1597 1343 1632 εἷ’
1364 1596 1419 1640 τίς
1443 1610 1504 1643 μοι
1528 1598 1614 1644 ἀνὴρ

25 1693 27 1695 ,
83 1651 144 1701 ἅμ’
160 1653 286 1691 ἕποιτο
309 1654 369 1691 καὶ
392 1655 505 1699 ἄλλος,
528 1654 533 1700 Ι
555 1655 686 1701 μᾶλλον
702 1654 877 1701 θαλπωρὴ
898 1652 958 1689 καὶ
974 1654 1263 1700 θαρσαλεώτερον
1279 1653 1395 1699 ἕσται;
1422 1655 1467 1688 cf.
1490 1658 1519 1689 Y
1537 1654 1613 1698 100,

73 1714 125 1761 A
150 1711 196 1747 59
229 1718 288 1748 νῦν
311 1713 404 1759 ἄμμε
429 1710 794 1758 παλιμπλαγχθέντας
818 1710 881 1747 ὀίω
904 1711 908 1757 Ι
931 1712 986 1758 ἄψ
1010 1712 1277 1758 ἀπονοστήσειν,
1303 1710 1344 1747 εἴ
1364 1725 1432 1747 κεν
1456 1712 1615 1747 θάνατόν

81 1782 119 1814 γε
144 1770 323 1817 φύγοιμεν.
373 1771 458 1805 item
492 1769 588 1816 apud
622 1769 835 1815 Sophoclem
869 1769 1078 1814 plerumque
1112 1770 1291 1815 optativus
1326 1781 1407 1803 cum
1441 1770 1494 1813 ἄν,
1530 1781 1613 1803 11011-

83 1825 189 1860 nullis
214 1839 299 1862 vero
325 1827 411 1862 locis
436 1827 650 1861 indicativus
676 1830 790 1861 extat:
823 1825 877 1860 El.
897 1825 966 1860 370
991 1825 1038 1868 ὡς
1061 1829 1136 1868 τοῖς
1159 1825 1276 1871 λόγοις
1298 1825 1302 1871 Ι
1324 1823 1457 1861 ἔνεστιν
1481 1827 1615 1873 ἀμφοῖν

83 1882 214 1929 κέρδος,
248 1884 281 1918 εἰ
312 1887 354 1919 σὺ
387 1885 450 1929 μὲν
472 1885 616 1929 μάθοις,
652 1883 741 1918 Oed.
761 1884 803 1917 R.
822 1882 889 1917 851
916 1883 949 1917 εἰ
974 1879 1006 1918 δ’
1023 1881 1083 1917 οὖν
1106 1896 1141 1917 τι
1165 1883 1398 1928 κάκτρέποιτο
1427 1888 1491 1918 τοῦ
1524 1884 1614 1928 πρό-

83 1941 173 1983 σθεν
196 1940 311 1986 λόγου,
335 1940 339 1986 Ι
367 1941 465 1976 οὗτοι
488 1940 582 1983 ποτ’,
609 1938 711 1982 ὦναξ,
737 1941 799 1974 σόν
815 1952 852 1985 γε
870 1939 992 1975 Λαΐου
1009 1940 1117 1986 φόνον
1139 1939 1142 1984 Ι
1169 1943 1298 1986 φανεῖ
1319 1938 1463 1981 δικαίως
1487 1940 1614 1985 ὀρθόν,

84 1995 130 2030 cf.
149 1996 234 2031 Ant.
255 1996 356 2032 1031.
408 1997 453 2032 de
480 1996 667 2043 Apollonio
691 1997 776 2045 vide
800 1996 819 2031 I
844 1996 911 2031 681
947 1996 981 2032 εἰ
1010 1996 1048 2032 δὲ
1073 1998 1114 2031 τὸ
1139 1997 1201 2042 μὲν
1234 1998 1400 2043 μακάρων
1432 2009 1488 2039 τις
1520 1997 1614 2031 ἀπο-

82 2052 219 2100 τρέποι,
244 2054 333 2091 ἄλλα
359 2052 391 2091 δ’
416 2053 556 2090 ὀπίσσω
578 2054 582 2101 Ι
605 2051 709 2101 μυρία
734 2054 920 2103 δηιοτῆτος
942 2052 1113 2101 ὑπέρτερα
1146 2054 1291 2101 πήματα
1321 2052 1439 2100 μίμνει
1470 2053 1532 2100 (cf.
1559 2053 1615 2088 III

86 2109 164 2156 140,
189 2110 264 2145 IIII
291 2111 411 2158 1511),
445 2111 481 2146 II
506 2111 576 2146 642
607 2108 681 2147 οὐδ’
699 2111 741 2146 εἴ
760 2124 803 2146 κε
829 2111 904 2153 διὲξ
928 2108 1051 2147 Ἀίδαο
1075 2110 1255 2157 βερέθρων
1284 2111 1288 2157 Ι
1318 2110 1535 2158 στελλοίμην,
1562 2109 1614 2146 ἔτι

83 2169 214 2214 τάρβος
239 2169 456 2216 ἀνάψομαι
473 2197 481 2204 .
502 2196 509 2203 .
530 2182 549 2211 .;
577 2169 620 2203 ef.
647 2168 703 2203 III
727 2168 808 2213 479,
834 2168 909 2203 ΙΠΙ
933 2167 1013 2202 403.
1053 2180 1072 2202 e
1098 2167 1316 2203 Callimacho
1341 2168 1412 2203 huc
1437 2170 1615 2215 pertinent

83 2223 140 2258 ῙΠ
159 2224 225 2258 178
250 2224 272 2272 ἦ
296 2227 360 2271 γάρ
383 2239 442 2260 κεν
460 2253 467 2260 .
487 2253 494 2260 .
515 2254 522 2261 .
540 2224 780 2271 προγένοιντο,
805 2224 865 2260 καὶ
888 2226 922 2260 εἰ
936 2224 1174 2271 Στυμφαιίδες
1198 2221 1267 2260 εἶεν
1292 2230 1328 2259 et
1352 2225 1427 2259 IIII
1447 2225 1514 2259 129
1539 2226 1614 2271 τλή-

32 2317 35 2320 ,
84 2292 191 2325 σομαι
211 2308 218 2315 .
238 2309 244 2316 .
266 2309 285 2324 .,
318 2281 378 2317 καὶ
411 2282 444 2316 εἰ
476 2281 648 2327 μέλλοιμι.
692 2294 710 2315 0
737 2282 869 2324 Quinto
904 2281 1047 2316 confero
1072 2281 1090 2315 I
1115 2281 1184 2315 606
1209 2281 1338 2328 φρένας
1363 2279 1461 2317 ἔνδον
1487 2281 1588 2316 ἷαίνει
1608 2282 1612 2327 Ι

1409 2338 1443 2366 3*
