1734 2492
19 48 25 53 ι
57 33 241 79 praeterea
265 29 338 65 iam
361 33 466 64 antea
489 28 670 74 tetigimus
695 28 867 64 eiusmodi
892 28 1074 64 enuntiata
1098 27 1324 74 temporalia:
1370 27 1450 75 348,
1480 28 1583 64 1110.

58 85 104 121 (18
128 87 316 122 enuntiatis
341 85 509 130 relativis,
535 97 627 132 quae
650 84 815 130 leguntur
839 85 876 120 in
892 97 951 120 vv.
970 84 1040 120 350
1065 90 1100 119 et
1127 84 1229 130 1324,
1255 97 1364 132 supra
1390 85 1584 132 exposui.¹)

151 143 229 185 ,De
261 143 440 178 homerico
473 142 599 178 tertiae
631 142 766 177 formae
799 142 1049 189 hypotheticae
1082 155 1148 177 usu
1182 142 1272 177 haec
1302 142 1412 178 habet
1443 143 1585 178 Winter

57 212 92 246 p.
118 200 165 235 30
197 212 217 235 e
242 200 333 235 Lilio
358 200 499 235 hausta:
541 201 577 234 in
601 200 656 243 iis,
687 211 778 245 quae
802 200 879 234 fieri
912 200 1023 235 solere
1058 200 1321 246 praedicentur,
1353 200 1470 238 ‚nudos
1506 211 1584 234 con-

57 258 232 292 iunctivos
265 261 387 292 extare
423 256 468 291 15
502 255 550 303 (A
575 255 631 297 81,
667 257 702 291 A
723 256 803 302 261,
837 258 876 292 Κ
897 255 978 300 225,
1012 257 1054 291 Λ
1081 256 1157 298 116,
1192 258 1239 291 Μ
1266 255 1402 302 239(‘?)‚
1438 258 1480 291 Π
1502 256 1584 300 263,

60 317 94 348 Τ
118 313 196 359 164,
230 316 263 349 Φ
288 313 369 356 576,
395 315 436 348 Χ
459 312 537 357 191,
564 326 587 348 α
615 312 692 356 167,
719 326 740 360 η
765 312 846 358 204,
870 326 897 359 μ
920 312 977 357 96,
1003 312 1024 354 ξ
1048 312 1130 357 373,
1156 326 1186 347 π
1209 312 1266 356 98,
1295 311 1390 359 116),
1416 314 1452 347 in
1476 313 1585 348 rebus

57 370 166 406 semel
191 370 308 405 futuro
338 376 497 419 tempore
524 369 722 404 efficiendis
752 369 773 404 8
808 369 856 416 (A
881 369 962 414 340,
995 371 1027 405 E
1049 368 1131 413 258,
1164 371 1211 404 M
1232 369 1313 414 223,
1348 369 1428 415 245,
1462 372 1503 404 Χ
1525 369 1582 414 86,

57 441 80 463 α
103 426 184 471 204,
210 441 227 463 ε
252 427 332 472 221,
358 440 383 473 μ
409 425 506 473 348),
534 427 694 461 comitari
718 438 803 461 vero
828 427 872 462 ἄν
895 426 953 461 vel
976 440 1014 462 κε
1039 426 1232 473 particulas
1258 427 1522 462 coniunctivum
1547 428 1583 461 in

55 484 114 520 illo
139 496 269 531 genere
294 484 317 519 5
341 484 427 519 locis
462 483 520 531 (A
540 483 617 528 166,
644 486 677 519 Γ
691 483 747 530 25,
772 486 815 519 Λ
831 483 911 528 391,
936 486 983 519 Μ
997 484 1076 528 302,
1102 497 1119 519 ε
1147 483 1241 530 120),
1267 485 1304 519 in
1328 484 1396 519 hoc
1421 484 1582 530 pluribus

57 554 163 589 quam
184 542 259 577 140.
303 554 322 576 e
347 541 491 587 tragicis
508 540 650 576 Winter
666 552 736 576 non
761 540 841 588 plus
869 540 912 575 12
936 541 1032 576 locos
1058 541 1183 586 adfert,
1211 541 1338 587 quibus
1364 541 1477 576 solum
1503 553 1582 576 con-

57 599 254 633 iunctivum
287 598 470 643 habemus,
505 602 628 633 contra
661 597 741 642 264,
777 597 906 644 quibus
940 598 982 633 ὀίν
1015 597 1177 633 additum
1202 602 1265 632 est.
1308 597 1455 633 similem
1480 599 1583 633 ratio—

55 667 138 691 nem
162 655 382 690 intercedere
416 655 513 702 apud
543 654 781 701 Apollonium,
816 654 913 701 apud
938 667 1043 701 quem
1077 655 1244 700 leguntur
1276 655 1318 699 εἰ,
1344 656 1378 690 εἰ
1401 655 1452 699 ἄν,
1478 655 1514 691 εἷ’
1533 669 1581 699 κε,

55 713 106 760 ἤν,
142 717 178 747 et
212 713 394 757 Quintum,
429 714 488 759 qui
522 713 632 747 utitur
665 712 849 759 particulis
882 712 925 755 εἰ,
958 711 995 747 εἶ’
1014 725 1062 756 κε,
1096 713 1147 760 ἢν,
1177 711 1373 748 Wellaueri
1406 712 1522 747 indice
1549 719 1584 747 et

54 768 231 816 Koechlyi
255 769 412 816 prolegg.
439 782 473 816 p.
496 769 736 804 LXXXVIII
752 781 803 815 sq.
830 770 1000 815 inspectis
1033 769 1138 804 facile
1171 769 1236 803 tibi
1270 770 1487 815 persuadeas
1520 769 1581 815 (cf.

55 827 161 861 etiam
186 826 449 861 Zimmermann
475 838 509 872 p.
537 826 632 872 123).
682 826 779 872 apud
813 825 1070 861 Callimachum
1106 825 1215 860 semel
1248 825 1420 861 habemus
1444 826 1477 861 εἰ
1501 838 1583 861 811111

54 882 126 918 solo
144 883 370 918 coniunctivo
389 888 631 919 constructum
649 883 740 931 (IIII
756 882 830 930 28),
857 883 1043 930 quinquies
1060 884 1101 931 ἤν
1126 882 1170 929 (8.
1192 882 1247 928 10,
1265 882 1303 928 3,
1333 883 1385 925 12,
1407 883 1442 927 1,
1472 883 1525 927 14,
1548 883 1582 926 13

54 939 111 985 33,
128 940 167 984 33
192 940 248 984 55,
268 941 316 986 3),
350 941 447 987 apud
480 941 701 976 Nicandrum
733 941 789 976 bis
813 941 847 976 εἰ
881 940 963 987 (Τ11.
982 940 1039 987 98,
1060 940 1154 987 115),
1180 941 1303 975 novies
1327 941 1369 988 ἥν
1393 940 1476 987 (Th.
1503 940 1582 985 779,

54 996 134 1042 915,
176 998 220 1032 Α.
250 997 328 1043 157,
354 997 435 1044 249,
459 997 542 1042 312,
568 997 648 1040 364,
674 997 756 1040 495,
781 997 862 1044 537,
888 997 985 1045 567).

165 1053 242 1089 Iam
274 1055 490 1090 accedamus
523 1055 570 1089 ad
602 1055 787 1101 periodum
821 1067 928 1101 quam
953 1060 1084 1090 vocant
1106 1054 1281 1099 irrealem,
1308 1055 1408 1089 cuius
1433 1054 1583 1089 formam

53 1111 188 1146 solitam
213 1112 250 1146 in
276 1111 526 1158 Argonauticis
551 1125 621 1147 non
650 1113 801 1148 inveniri
827 1112 977 1159 adparet
1002 1125 1048 1147 ex
1073 1113 1126 1157 iis,
1154 1124 1245 1159 quae
1271 1125 1380 1159 supra
1411 1111 1460 1159 (p.
1489 1112 1576 1159 270)

53 1168 97 1203 de
122 1169 306 1214 particulis
338 1183 397 1204 κεν
429 1175 465 1204 et
489 1171 532 1205 ἄν
564 1170 725 1216 exposui.
776 1169 839 1205 sed
872 1169 1031 1205 nonnulli
1065 1175 1189 1204 extant
1225 1170 1304 1214 loci,
1339 1169 1469 1216 quibus
1503 1182 1582 1204 eam

52 1230 299 1271 expectamus:

300 1303 372 1338 480
844 1303 905 1340 καὶ
928 1304 1163 1340 ἐκλελάθοντο
1189 1302 1343 1351 πορείης,

394 1361 428 1396 εἰ
450 1363 498 1408 μὴ
523 1360 760 1408 ἀποτροπίοις
783 1361 928 1404 ἕνοπαῖς
953 1358 1160 1409 θελξίφρονί
1185 1357 1225 1397 θ’
1241 1363 1335 1408 ὕμνῳ

394 1417 548 1466 ἡμετέρῳ
574 1417 788 1463 θελχθέντες
812 1415 898 1463 ἔβαν
921 1417 1008 1454 ποτὶ
1032 1423 1096 1466 νῆα
1121 1417 1296 1465 μέλαιναν,

279 1483 369 1518 1083
394 1483 509 1520 οὐκέτι
535 1484 574 1521 δὲ
597 1488 790 1532 προφυγεῖν
814 1485 1021 1531 ἐδοκεύομεν
1045 1485 1153 1520 αἰπὺν
1177 1484 1370 1531 ὅλεθρονβ)
1412 1506 1415 1508 -
1462 1500 1465 1502 ’

395 1542 428 1577 εἰ
452 1544 498 1589 μὴ
524 1539 579 1588 ἄρ’
595 1540 830 1589 ὁρμαίνουσαν
852 1541 923 1577 ὑπὸ
947 1547 1137 1590 κρατερῆφι
1161 1541 1267 1589 βίηφι

393 1603 458 1647 νῆα
481 1599 600 1646 μολεῖν
622 1596 719 1635 ἴθυν’
743 1597 807 1634 ἐπὶ
831 1598 946 1641 δεξιὸν
968 1599 1145 1645 αἰγιαλοῖο

394 1652 565 1701 Ἀγκαῖος,

278 1721 369 1756 1173
393 1722 510 1759 πολλὰ
535 1723 574 1759 δὲ
599 1722 806 1772 μερμήριζον
829 1721 882 1758 ἐνὶ
905 1722 1011 1770 φρεσὶ
1034 1721 1300 1771 πευκαλίμῃσιν,

392 1781 415 1827 ἢ
438 1793 498 1826 μιν
521 1779 760 1829 ἀποφθίσωσι
784 1780 845 1816 καὶ
869 1781 992 1825 ἰχθύσι
1017 1783 1129 1827 κύρμα
1152 1780 1311 1825 βάλωσιν

47 1940 157 1977 ’νόστον
171 1941 247 1979 ἐμὸν
260 1942 419 1979 πολυκηδέ’
430 1943 550 1972 ἐνίσπω,
571 1944 624 1972 sed
637 1944 706 1972 huic
719 1944 785 1972 loco
799 1944 906 1973 melius
920 1946 1078 1972 convenire
1091 1948 1162 1981 puto
1176 1945 1246 1973 hoc:
1261 1946 1425 1981 ‘perpessus
1439 1947 1580 1982 pericula,

48 1997 250 2026 quaecumque
264 1991 410 2018 indicabo’
431 2000 518 2027 quam
539 1992 614 2019 illud
634 1992 776 2028 ‘pericula
790 2001 867 2029 quae
886 1993 1070 2020 indicaturus
1091 1993 1173 2027 sum';
1196 2001 1263 2020 nam
1284 2002 1316 2021 re
1335 2002 1406 2022 vera
1425 2003 1486 2021 non
1505 1995 1580 2022 indi-

48 2039 104 2071 cat,
125 2038 204 2073 quod
224 2039 329 2066 Ulixes
349 2040 447 2066 statim
473 2039 545 2066 facit
564 2039 629 2067 loco
650 2041 751 2075 citato,
776 2040 828 2068 sed
847 2044 909 2068 tum
930 2041 1058 2075 demum,
1079 2042 1104 2068 si
1124 2042 1222 2076 pactio
1243 2042 1424 2076 convenerit,
1450 2050 1486 2069 ea
1505 2042 1579 2069 indi-

47 2087 166 2111 caturus
186 2089 240 2113 est.

161 2152 182 2187 ¹)
202 2152 237 2180 In
257 2163 285 2181 v.
300 2155 355 2182 662
392 2170 427 2175 —
460 2159 494 2182 ut
514 2156 670 2183 enuntiata
690 2155 815 2183 relativa
835 2156 986 2183 absolvam
1021 2171 1056 2176 -
1089 2164 1106 2183 e
1126 2156 1208 2183 codd.
1229 2156 1293 2191 Rv,
1320 2165 1394 2192 quos
1414 2160 1580 2193 sequuntur

46 2199 168 2227 Abelius
188 2204 218 2228 et
238 2202 434 2238 Hermannus,
456 2204 550 2230 scribo
571 2202 629 2236 ἵξοι
649 2203 713 2239 (rel.
735 2204 818 2231 codd.
840 2204 909 2243 ἵξῃ),
929 2213 996 2231 811111
1017 2204 1175 2231 antecedat
1194 2207 1311 2240 tempus
1331 2206 1531 2240 praeteritum.

161 2267 184 2304 ²)
204 2268 240 2296 In
259 2269 425 2299 Hermanni
450 2273 480 2298 et
500 2272 531 2298 in
551 2270 649 2298 Abelii
669 2271 800 2299 editione
820 2271 907 2298 colon
932 2254 1060 2307 pdsitum
1081 2274 1125 2298 est
1145 2274 1211 2306 post
1231 2271 1377 2308 ὄλεθρον,
1408 2272 1487 2307 quod
1507 2281 1577 2299 num

47 2315 112 2343 iure
131 2316 240 2344 factum
262 2318 308 2353 sit,
329 2322 433 2354 postea
454 2327 637 2354 quaeremus.

1392 2369 1409 2394 3
