1734 2492
211 365 424 413 Priusquam
441 370 561 400 autem
585 364 631 400 ad
648 376 724 400 rem
748 365 1019 411 grammaticam
1037 363 1182 409 accedo,
1209 376 1326 411 pauca
1351 363 1396 399 de
1414 376 1452 399 re
1471 364 1631 408 metrica,

99 435 118 457 e
143 434 215 470 qua
238 424 459 470 potissimum
484 422 683 457 Hermanni
716 427 927 467 argumenta
953 421 997 456 de
1023 426 1150 465 aetate,
1185 432 1255 467 qua
1288 420 1355 455 hoe
1381 432 1525 456 carmen
1552 432 1632 455 con-

98 479 231 516 fectum
263 485 327 522 est,
360 479 547 525 desumpta
577 483 669 523 sunt,
701 478 962 525 praemittenda
992 490 1069 513 esse
1095 477 1272 523 videntur,
1303 490 1348 512 ne
1378 477 1472 512 infra
1501 476 1632 512 talibus

0 556 4 567 ·
97 536 266 572 admixtis
301 537 492 583 disputatio
525 537 811 582 interrumpatur.
863 535 1024 579 Wielius,
1051 536 1108 569 vir
1133 535 1177 570 de
1204 534 1348 581 Orpheo
1374 536 1506 581 optime
1530 535 1632 570 meri-

97 598 155 628 tus
196 614 241 620 ——-
282 595 333 628 sic
365 598 462 629 recte
485 593 635 628 Abelius
659 593 695 627 in
720 592 942 640 praefatione
968 592 1103 627 iudicat
1145 613 1188 617 —
1229 592 1266 627 II
1291 605 1325 639 p.
1344 592 1366 627 3
1384 604 1460 639 sqq.
1486 592 1531 627 de
1556 603 1633 627 cae—

99 663 181 686 sura
212 651 394 686 trochaica
427 651 522 686 tertii
555 650 667 697 pedis,
698 662 732 696 p.
752 650 773 685 6
800 650 844 684 de
870 649 986 684 vocali
1021 650 1128 695 longa
1152 654 1234 685 ante
1259 649 1421 684 vocalem
1447 649 1632 695 producta,

83 706 89 711 ’
98 719 132 754 p.
159 708 177 742 7
205 708 250 743 de
275 708 385 752 hiatu,
411 707 468 742 III
496 720 531 754 p.
558 707 601 742 12
628 707 672 742 de
699 708 815 753 quarti
840 706 944 753 pedis
970 718 1119 741 caesura
1143 706 1323 741 trochaica
1348 712 1383 741 et
1409 705 1453 741 de
1479 705 1632 752 elisione,

0 767 8 810 ξ
62 768 73 802 1
90 763 171 799 *1111
191 777 226 811 p.
248 764 292 799 14
317 765 361 800 de
387 764 573 800 vocabulis
598 763 853 811 monosyllabis
878 764 914 798 in
939 764 1054 810 prima
1079 764 1150 798 arsi
1175 763 1297 810 positis
1323 763 1405 809 egit.
1447 768 1634 809 praeterea

0 843 6 851 ι
32 826 35 832 “
97 823 133 857 in
164 827 341 857 structura
370 827 406 856 et
438 821 716 868 proprietatibus
746 821 945 856 hexametri
977 820 1198 867 explicandis
1228 821 1359 855 versati
1390 820 1634 866 Argonautica

97 884 332 926 respexerunt
356 879 400 914 A.
421 878 653 913 Ludwichius
685 884 720 914 et
745 878 790 914 A.
810 877 1031 925 Rzachiuff)
1080 878 1138 913 ille
1164 890 1198 924 p.
1225 878 1268 913 13
1294 877 1400 913 docet
1424 878 1516 912 inter
1542 877 1633 912 1376

40 936 42 938 ’
97 947 222 971 versus
248 936 571 983 Argonauticorum
599 935 664 971 101
697 935 909 983 spondiacus
935 947 1024 981 esse,
1056 936 1106 970 ita
1136 941 1175 970 ut
1201 940 1348 982 quartus
1374 935 1534 971 decimus
1559 935 1634 970 fere

30 1019 33 1020 γ
98 993 247 1041 quisque
269 1005 394 1029 versus
421 993 638 1041 spondiacus
664 994 709 1029 sit
734 999 770 1029 et
793 993 994 1029 homericus
1019 1005 1187 1028 versuum
1214 993 1487 1040 spondiacorum
1512 1005 1632 1028 nume—

98 1063 161 1086 rus
195 1056 390 1097 superetur.
440 1056 516 1086 tum
549 1051 631 1086 inde
666 1063 687 1085 a
720 1063 755 1097 p.
779 1050 826 1086 25
860 1051 1018 1097 exponit,
1055 1050 1177 1097 quales
1211 1051 1280 1085 sint
1306 1056 1473 1097 quattuor
1497 1051 1633 1097 priores

99 1119 269 1157 versuum
287 1107 561 1154 spondi-acorum
577 1108 701 1155 pedes.
727 1108 821 1143 adde
840 1108 935 1155 quod
952 1109 989 1143 in
1006 1107 1097 1152 libri,
1117 1109 1176 1154 qui
1193 1108 1399 1143 inscribitur
1416 1107 1633 1143 ‘Aristarchs

97 1164 318 1200 homerische
344 1165 565 1201 Textkritik'
592 1165 629 1200 ΙΙ
652 1178 686 1212 p.
701 1165 769 1201 311
796 1166 833 1200 in
857 1165 980 1201 tabula
1004 1166 1050 1201 ad
1076 1165 1314 1213 spondeorum
1330 1178 1433 1201 usum
1458 1166 1632 1201 illustran-

94 1222 183 1257 dum
216 1223 396 1269 proposita
429 1223 497 1257 hoc
531 1235 675 1258 carmen
707 1224 862 1270 respicit.
910 1227 992 1258 sunt
1024 1224 1133 1268 igitur
1166 1223 1314 1269 spondei
1343 1224 1360 1256 1
1381 1236 1388 1256 :
1408 1222 1430 1256 2
1449 1236 1456 1257 :
1474 1223 1498 1257 Ο
1515 1236 1523 1257 :
1542 1223 1564 1258 3
1583 1236 1590 1257 :
1609 1224 1633 1257 4

98 1279 134 1313 in
168 1278 331 1314 versibus
361 1279 431 1314 613
449 1291 457 1313 :
475 1279 546 1314 426
565 1292 573 1314 :
593 1279 663 1315 245
681 1291 689 1314 :
708 1279 756 1315 91
777 1293 785 1315 :
807 1280 837 1314 1.
880 1279 974 1315 unde
1007 1281 1078 1315 iam
1112 1279 1216 1315 facile
1251 1281 1447 1327 computari
1482 1286 1630 1327 possunt

94 1337 245 1382 numeri,
272 1349 358 1383 quos
383 1337 582 1383 legeremus
608 1350 641 1384 p.
661 1337 742 1383 304,
768 1338 835 1372 nisi
860 1338 910 1373 ibi
928 1339 1055 1373 omissa
1081 1343 1199 1372 essent
1215 1337 1470 1383 Argonautica.
1505 1343 1632 1373 extant

97 1394 191 1428 enim
215 1393 306 1428 1739
332 1394 481 1441 spondei
507 1400 542 1429 ct
567 1394 658 1430 6517
687 1394 832 1442 dactyli,
858 1396 908 1430 ita
932 1400 972 1430 ut
998 1400 1139 1430 centum
1163 1394 1315 1442 dactylis
1342 1395 1467 1441 viginti
1494 1401 1631 1442 septem

96 1451 245 1498 spondei
269 1451 519 1499 respondeant,
546 1453 607 1499 qui
623 1465 791 1488 numerus
809 1454 893 1488 satis
918 1465 1068 1499 magnus
1094 1458 1158 1497 est,
1185 1464 1267 1488 cum
1292 1453 1328 1487 in
1347 1452 1495 1488 Homeri
1519 1453 1630 1498 libris,

97 1520 183 1555 quos
196 1508 427 1544 Ludwiohius
441 1511 670 1555 examinavit,
687 1510 861 1557 spondeos
878 1510 1072 1545 habeamus
1087 1509 1239 1553 25-28‚
1258 1509 1355 1556 apud
1373 1501 1630 1545 Callimachum

95 1564 247 1610 20—23,
274 1566 370 1612 apud
392 1566 620 1612 Apollonium
637 1567 693 1611 23,
720 1567 756 1601 in
782 1572 947 1613 quattuor
969 1567 1146 1613 prioribus
1166 1567 1290 1610 Quinti
1316 1566 1504 1613 Smyrnaei
1529 1567 1630 1602 libris

2 1628 6 1653 ῖ
37 1614 55 1670 ,’
97 1621 248 1657 14-18.
291 1623 480 1667 Rzaehius,
515 1629 554 1658 ut
587 1637 608 1659 a
641 1624 933 1672 productionibus
968 1623 1186 1671 syllabarum
1219 1625 1253 1658 in
1291 1636 1463 1659 consonas
1497 1637 1630 1660 exeun-

95 1680 184 1715 tium
209 1680 389 1727 incipiam‚
425 1682 461 1716 in
486 1681 586 1726 libro,
623 1683 683 1729 qui
708 1682 915 1717 inscribitur
945 1682 1057 1717 ‘Neue
1081 1682 1250 1727 Beitrage
1281 1694 1345 1716 zur
1370 1681 1535 1716 Technik
1567 1682 1630 1717 des

95 1736 436 1773 naehhomerischen
453 1739 703 1779 Hexameters’
723 1738 983 1786 (Sitzungsber.
1003 1738 1066 1773 der
1084 1738 1232 1774 Wiener
1250 1738 1363 1780 Acad.
1379 1738 1561 1785 phil.-hist.
1576 1739 1628 1774 Ol.

95 1793 135 1839 O,
156 1794 173 1828 1
200 1806 260 1841 pp.
281 1795 347 1830 307
363 1796 468 1843 sqq.),
496 1796 578 1831 inde
603 1809 625 1831 a
646 1809 681 1844 p.
698 1796 769 1832 400
790 1797 880 1832 haec
898 1795 1063 1843 exempla
1079 1796 1213 1831 adfert:
1241 1795 1316 1842 972)
1344 1796 1628 1844 (παραιφάμενος

94 1850 253 1898 ἐρεείνεις
278 1852 357 1888 coll.
383 1857 650 1902 παραιφάμενος
673 1853 837 1891 ἐπέεσσιν
862 1855 983 1901 hymn.
1010 1854 1103 1889 hom.
1130 1854 1204 1889 IIII
1230 1854 1297 1889 337
1309 1854 1337 1901 ³)
1369 1860 1405 1889 et
1429 1854 1516 1899 Arg.
1550 1853 1630 1898 764,

6 1930 16 1935 2
96 1908 192 1956 771),
223 1909 289 1943 717
331 1911 505 1957 (αἰγιαλὸν
529 1909 780 1958 &asmondus-9³
805 1917 902 1947 recte
927 1913 1141 1958 impugnans
1165 1912 1363 1946 Hei—manni
1390 1912 1630 1946 coniecturam

2 1986 19 2018 3
95 1966 253 2011 αἰγιαλόν
284 1964 319 2002 οἱ
351 1967 571 2015 ἐνισσόμεθ’;
614 1969 656 2004 cf.
684 1982 743 2016 pp.
770 1969 840 2004 370
865 1975 901 2005 et
925 1968 1022 2016 408),
1061 1968 1150 2004 1359
1186 1968 1418 2015 (περικτίονες
1442 1969 1631 2015 ἄνθρωποι

210 2082 232 2117 ¹)
253 2082 357 2118 Neque
377 2083 399 2110 1.
414 2084 585 2119 Hilbergius
606 2084 685 2119 (Ges.
705 2085 731 2112 d.
752 2085 843 2112 troch.
858 2085 1066 2112 Wortformen.
1088 2085 1213 2111 Vindob.
1231 2085 1313 2117 1878,
1334 2085 1453 2119 Princip
1473 2083 1501 2110 d.
1517 2083 1629 2111 Silben-

95 2129 169 2164 wag.
183 2128 252 2156 ibid.
271 2130 355 2165 1879)
375 2130 576 2166 Argonautica
595 2131 735 2168 neglexit.
762 2140 839 2168 quae
859 2132 895 2158 de
915 2135 1000 2159 textu
1019 2132 1226 2159 constituendo
1248 2132 1295 2158 hic
1315 2131 1378 2158 illic
1399 2132 1443 2166 (in
1457 2131 1555 2158 indice
1575 2131 1630 2157 cri-

94 2176 154 2203 tico
174 2177 281 2211 v.‚716,
302 2177 338 2205 de
359 2187 417 2213 quo
438 2188 465 2214 p.
484 2180 538 2206 115
557 2180 647 2207 verba
666 2179 750 2214 fiunt,
771 2180 966 2208 desideratur:
993 2189 1021 2215 p.
1039 2181 1072 2206 17
1094 2179 1315 2215 typothetarum
1337 2187 1433 2206 errore
1454 2188 1480 2205 v,
1502 2179 1556 2206 715
1578 2187 1629 2214 pro

95 2224 149 2251 751
171 2225 283 2260 positus
303 2225 358 2260 est)
379 2226 541 2260 adnotavit,
562 2227 618 2254 hoc
637 2227 702 2254 loco
724 2228 891 2254 examinare
911 2236 971 2254 non
991 2227 1113 2254 adtinet.

209 2271 233 2308 ²)
253 2272 389 2300 Numeris
409 2276 477 2301 utor
496 2274 633 2302 editionis
653 2274 823 2303 Abelianae.

209 2320 233 2357 ³)
253 2321 288 2348 In
308 2323 440 2350 versibus
460 2323 586 2350 citandis
606 2331 713 2359 sequor
733 2323 874 2351 Gemollii
894 2324 1054 2351 editionem
1077 2324 1208 2360 (Lipsiae
1231 2323 1325 2360 1886).

1426 2370 1457 2396 1³1⁴
