1714 2583
1523 0 1644 48 12823‘

201 92 329 127 Dualis
354 93 390 127 in
408 92 661 138 Argonauticis
686 105 758 127 non
782 93 912 138 legitur
933 105 1049 139 neque
1074 94 1172 139 apud
1189 94 1448 129 Callimachum
1473 96 1503 129 is
1527 96 1633 131 inve--

86 151 191 184 nitur.
235 149 331 196 apud
354 148 582 196 Apollonium
608 154 732 184 extant
757 155 835 194 νῶν,
861 155 954 195 νῶιν,
982 163 1072 198 quae
1097 150 1232 187 formae
1257 163 1279 186 a
1305 150 1437 195 Quinto
1454 151 1623 188 Zimmer-

86 219 217 242 manno
243 213 333 241 teste
360 208 408 253 (p.
429 207 490 254 28)
514 219 577 254 pro
600 207 728 254 plurali
751 207 977 253 usurpantur.
996 202 1166 255 ”adparet
1188 221 1234 243 ex
1256 208 1324 243 hac
1346 208 1489 256 tabella,
1516 221 1623 256 quam

86 276 224 311 paucae
251 265 392 299 omnino
417 264 553 299 formae
574 265 610 299 in
633 264 700 298 hoc
724 265 881 299 carmine
904 270 1103 301 occurrant.
1139 265 1249 300 dativi
1272 266 1360 312 sing.
1379 265 1524 302 alterius
1547 278 1624 313 per-

88 334 194 357 sonae
220 334 328 356 unam
353 327 489 356 tantum
514 323 665 357 formam
690 322 879 357 habemus:
910 334 983 369 σοι;
1010 323 1121 358 verba
1146 323 1240 357 enim
1265 323 1301 357 in
1326 335 1360 358 v.
1380 323 1427 358 82
1450 323 1562 367 ξεῖνος
1583 322 1624 360 δέ

86 392 143 414 τοι
169 380 315 425 εὔχομαι
340 375 427 415 εἶναι
456 379 646 426 desumpta
672 384 753 413 sunt
775 392 821 414 ex
842 379 999 415 Homero
1021 395 1049 415 ω
1074 381 1150 415 114.
1193 380 1337 426 reliquis
1359 380 1445 415 locis
1465 394 1522 417 τοι
1546 393 1623 427 par-

87 437 195 471 ticula
226 442 279 471 est
309 436 541 471 affirmativa:
575 436 656 482 233,
675 436 756 480 308,
776 436 855 482 732,
877 436 978 480 1068,
999 437 1101 481 1148,
1122 437 1223 483 1164,
1244 436 1333 470 1227
1361 436 1423 483 (cf.
1443 437 1530 473 Call.
1549 437 1625 472 IIII

88 492 168 537 296,
188 493 304 539 Apoll.
324 493 378 527 III
403 493 485 537 404,
507 493 604 539 427).
648 493 693 527 de
722 492 819 537 loeis,
850 493 923 538 ubi,
954 498 1072 528 utrum
1097 506 1154 530 τοι
1180 506 1223 528 an
1250 490 1284 529 οἶ
1310 494 1539 529 scribendum
1569 487 1623 537 sit,

88 550 292 596 ambigitur,
318 551 410 585 infra
435 562 550 596 agam.

203 607 309 651 Quod
344 608 387 642 ad
415 607 575 645 enclisim
601 607 734 642 formae
761 619 820 643 σοι
844 607 992 654 adtinet,
1023 619 1116 654 quae
1141 607 1237 655 apud
1262 608 1459 643 Homerum
1484 620 1625 655 semper

88 670 240 700 accentu
258 666 453 707 instruitur,
479 665 673 700 tenendum
693 670 746 700 est
763 665 808 700 de
825 665 1003 700 nonnullis
1021 665 1107 700 locis
1125 665 1313 700 homericis
1335 678 1357 700 a
1382 666 1624 711 grammaticis

89 735 166 757 esse
190 722 391 758 dubitatum
417 723 479 770 (cf.
498 722 686 767 Ludwich,
707 723 910 758 Aristarchs
927 723 1021 758 hom.
1039 722 1247 758 Textkritik
1269 723 1287 758 I
1303 722 1384 769 475,
1405 723 1449 758 15
1475 723 1528 770 (Χ
1545 722 1624 771 83);

88 780 170 824 528,
189 779 235 814 22
270 784 305 825 (y
329 780 391 826 50)
402 780 428 823 ¹)
464 785 500 814 et
524 782 559 814 in
585 780 727 826 hymnis
752 780 941 815 homericis
975 785 1099 815 extare
1133 781 1240 824 locos,
1275 780 1404 826 quibus
1429 792 1494 826 pro
1521 780 1623 816 codd.

89 848 150 872 σοι
182 836 346 871 enclitico
377 837 605 872 Hermannus
636 850 694 873 τοι
723 838 891 872 restituit:
922 837 956 872 h.
973 828 1092 871 >Merc.
1117 837 1197 882 368,
1223 837 1314 872 Ven.
1332 836 1416 882 283,
1444 836 1523 871 Cer.
1542 837 1624 871 407.

203 894 260 928 De
286 894 553 940 pronominibus
576 895 786 940 possessivis
803 893 959 928 breviori
978 894 1085 929 etiam
1103 906 1180 929 esse
1197 894 1283 929 mihi
1301 894 1384 928 licet
1400 893 1469 928 hac
1494 893 1626 929 tabella

90 951 287 997 proposita:

593 1096 751 1122 Persona
776 1096 888 1130 prima
1179 1096 1336 1122 Persona
1360 1095 1477 1122 altera

556 1183 629 1217 sing.
739 1167 741 1231 l
849 1181 923 1217 plur.
1143 1182 1216 1218 sing.
1437 1180 1512 1216 plur.

119 1263 294 1298 Apollonius
303 1283 420 1290 ......
448 1249 450 1263 ”
548 1263 620 1300 ἐμός
766 1263 910 1299 ἡμέτερος
1036 1242 1040 1436 Ι
1060 1262 1111 1293 σός
1133 1263 1167 1288 13
1174 1261 1203 1279 ²⁶¹
1365 1261 1509 1298 ὑμέτερος
1529 1260 1582 1288 8¹⁹¹

443 1316 444 1321 ¹
1060 1310 1125 1340 τεός
1145 1309 1216 1336 24ῐ·“
1366 1308 1444 1345 ὑμός
1463 1309 1492 1335 Π
1514 1310 1583 1336 1181

120 1358 318 1385 Callimachus
327 1373 444 1386 ......
449 1379 450 1391 ἰ
549 1358 620 1395 ἐμός
767 1358 910 1394 ἡμέτερος
1059 1357 1110 1387 σός
1117 1358 1132 1383 7
1140 1357 1176 1391 5⁰⁸,
1184 1357 1306 1388 1263552·
1367 1356 1511 1393 ὑμέτερος

120 1407 249 1439 Quintus
257 1427 420 1433 ........
443 1394 444 1408 ¹
548 1406 621 1442 ἐμός
767 1406 910 1442 ἡμέτερος
1060 1406 1120 1438 σός,
1142 1405 1207 1436 τεός
1367 1404 1510 1441 ὑμέτερος

121 1455 267 1480 Homerus
282 1474 420 1481 .......
443 1448 451 1470 ³*
549 1454 635 1490 ἐμός
741 1477 743 1528 ⁴
767 1455 945 1490 ἡμέτερος
1032 1450 1034 1465 ¹
1060 1453 1122 1483 σός
1150 1462 1177 1480 v.
1204 1454 1220 1478 3
1247 1453 1304 1488 (ap.
1367 1451 1510 1488 ὑμέτερος

120 1502 165 1528 Ar
197 1503 368 1529 onautica
394 1523 421 1529 ..
1061 1501 1148 1527 Hom.
1169 1499 1260 1527 2135„

94 1528 97 1555 1
171 1511 190 1537 g
767 1547 859 1584 ἆμός
873 1548 911 1582 (v.
926 1548 1011 1582 1042)
1061 1547 1139 1577 τεός
1157 1556 1183 1576 v.
1198 1548 1234 1574 88
1249 1501 1306 1582 (gip.
1368 1546 1445 1582 ὑμός

1061 1594 1148 1622 Hom.
1163 1594 1242 1629 40i⁰⁸)

207 1702 399 1753 (Ημὲτερος
425 1707 547 1753 paucis
572 1706 658 1740 locis
685 1706 861 1752 exceptis:
888 1704 968 1748 385,
988 1704 1068 1748 849,
1087 1703 1167 1748 888,
1189 1702 1279 1738 1228
1297 1702 1391 1738 idem
1409 1702 1506 1739 valet
1522 1707 1630 1749 atque

93 1762 191 1810 ἔμόςε
217 1764 275 1808 42,
293 1765 349 1806 48,
369 1764 426 1809 49,
448 1763 525 1805 104,
545 1763 626 1807 250,
644 1763 725 1807 265,
744 1762 826 1807 432,
844 1762 925 1808 482,
944 1761 1024 1806 682,
1044 1761 1124 1806 704,
1144 1760 1224 1805 707,
1242 1760 1323 1806 823,
1344 1760 1445 1805 1234,
1469 1761 1528 1806 qui
1545 1772 1631 1795 usus

93 1822 189 1866 apud
224 1833 346 1855 omncs
383 1822 573 1867 scriptores
608 1820 691 1855 inde
717 1820 764 1855 ab
789 1820 945 1854 Homero
971 1819 1165 1862 invenitur3
1203 1818 1248 1853 cf.
1267 1817 1383 1864 Apoll.
1407 1818 1425 1852 I
1449 1817 1530 1862 412,
1549 1817 1629 1861 664,

94 1879 129 1912 II
154 1878 235 1923 324,
262 1879 317 1913 III
343 1878 425 1922 265,
453 1879 574 1922 Quint.
594 1878 666 1913 VII
692 1877 772 1922 668,
792 1877 886 1911 XIII
912 1876 993 1921 363,
1012 1875 1093 1910 369.
1135 1875 1231 1921 apud
1258 1874 1518 1910 Callimachum
1543 1873 1630 1909 nihil

94 1936 163 1970 tale
190 1936 331 1970 offendi.

208 1993 264 2027 De
290 1993 404 2027 forma
430 1993 518 2036 ἁμάς
544 1992 701 2026 dubitari
726 1997 852 2038 potest.
889 1989 1123 2025 Ruhnkenius
1140 1989 1177 2023 in
1199 2000 1232 2023 V.
1254 1988 1322 2023 104
1346 1985 1406 2024 καί
1422 1990 1466 2034 ῥά
1492 1985 1528 2034 μ’
1545 1987 1630 2035 ἅλη-

93 2049 186 2099 τείης
211 2065 248 2086 τε
274 2050 333 2085 καὶ
358 2050 397 2092 ἐξ
423 2050 564 2096 οἴστρου
589 2050 723 2084 ἐσάωσε
747 2049 750 2094 Ι
773 2051 884 2097 μήτηρ
908 2046 1060 2095 ἡμετέρη,
1074 2045 1133 2082 καί
1150 2044 1181 2092 ῥ’
1197 2047 1233 2089 ἐς
1251 2046 1359 2092 δόμον
1375 2046 1499 2093 ἤγαγεν
1524 2044 1631 2080 ἄλλον

94 2108 246 2142 coniecit
272 2108 381 2153 δόμον
407 2135 414 2142 .
443 2135 450 2142 .
477 2108 578 2152 ἁμόν,
610 2105 706 2152 quod
738 2106 950 2139 sententiam
982 2104 1125 2138 efficere
1155 2104 1270 2138 minus
1300 2108 1420 2148 aptam
1451 2106 1486 2135 et
1511 2101 1629 2147 displi-

94 2177 174 2200 cere
201 2170 347 2212 propter
371 2163 518 2212 ἡμετέρη
545 2162 697 2198 Wielius
724 2162 905 2197 contendit
931 2161 964 2208 (Ι
989 2160 1062 2208 25).
1090 2166 1209 2196 tamen
1235 2172 1316 2195 cum
1342 2160 1431 2207 ἁμόν
1456 2158 1629 2205 explicari

211 2310 230 2343 ¹)
253 2309 328 2335 Item
343 2309 379 2336 de
393 2308 543 2335 Herodoto
559 2307 725 2341 dubitatur,
746 2307 781 2334 cf.
798 2307 830 2333 F.
846 2306 867 2333 1.
882 2305 1015 2339 Bredow,
1036 2305 1081 2332 De
1095 2304 1222 2331 dialecto
1237 2303 1405 2331 Herodotea
1425 2311 1452 2338 p.
1468 2303 1532 2336 281,
1551 2301 1629 2328 Eke·

95 2357 163 2384 dahl
185 2367 210 2393 p.
226 2358 347 2384 21—28.
390 2357 493 2389 Quinti
513 2364 632 2391 quoque
652 2355 725 2382 locis
746 2358 790 2381 sat
816 2354 917 2381 multis
943 2353 1037 2388 (velut
1056 2353 1070 2379 1
1094 2354 1155 2385 102,
1176 2353 1204 2378 ΙΙ
1225 2353 1292 2386 272)
1321 2350 1453 2386 Koechly
1474 2352 1630 2377 accentum

95 2408 199 2432 contra
219 2404 302 2432 codd.
323 2405 433 2439 posuit3
455 2404 490 2430 cf.
507 2403 642 2439 Spitzner
663 2412 689 2438 p.
708 2403 769 2428 114.
