1714 2583
75 84 154 120 coll.
184 87 210 129 β
240 83 313 131 65).
365 83 419 118 his
451 83 564 119 tribus
594 84 681 119 locis
716 84 872 119 addendi
907 96 984 119 esse
1019 84 1187 120 videntur
1212 84 1293 131 duo,
1323 97 1411 132 quos
1444 65 1508 122 ab
1520 60 1562 123 H
1590 115 1606 133 .-

73 153 205 189 manno
235 141 438 177 immutatos
472 142 590 178 omisit
620 141 815 178 Rzachius:
857 154 891 177 v.
915 141 996 188 226,
1031 155 1136 189 quem
1162 141 1311 179 Abelius
1344 143 1488 179 codices
1521 137 1701 196 secum-23

73 205 131 235 tus
157 200 316 246 scripsit.
358 203 422 235 σὺν
446 198 487 235 δέ
511 212 547 235 οι
572 197 657 248 ἦλθ’
673 199 796 246 ἕταρος
805 195 1012 267 ἑιΗρακλῆος
1036 199 1155 236 θείοιο
1181 200 1252 247 (Vo
1269 199 1416 246 ετάρως)
1451 220 1499 227 -·
1530 199 1640 238 He't
1637 198 1714 233 33⁸»-

73 268 227 292 mannus
254 257 407 292 coniecit
440 259 502 293 σὺν
528 255 568 293 δέ
600 269 635 293 οι
666 253 816 306 ἦλθεν’
801 254 880 305 ἐτης
913 278 959 283 -
992 262 1027 292 et
1061 269 1094 292 v,
1116 257 1207 293 1169
1231 255 1360 303 ἳ”,ξεσθ
1385 258 1436 305 ἂμ
1467 251 1666 306 πέλαγος
1649 261 1652 263 ’

74 312 301 351 Ἀτλαντικὸν
325 315 425 358 ἐκτὸς
448 314 589 361 ἵκωμαι,
616 314 679 349 ubi
703 328 771 359 κεν,
799 314 894 362 quod
919 315 1149 350 Hermannus
1174 321 1254 362 post
1279 314 1432 362 πέλαγος
1457 316 1616 362 inseruit,
1648 298 1714 345 ³⁴3⁴—

73 377 197 418 aptum
222 384 292 406 non
318 383 396 406 esse
430 371 525 407 infra
550 371 763 407 videbimus.
816 376 912 406 certe
938 376 1038 406 extat
1070 371 1170 407 locus
1195 372 1407 418 homericus,
1443 384 1513 419 quo
1538 383 1616 420 pro·
1671 385 1679 392 ’

72 429 192 464 ductio
219 428 378 476 syllabae
411 428 558 464 defendi
589 430 709 476 possit,
736 428 815 464 dico
841 442 858 464 ε
884 429 967 475 330,
998 428 1060 464 ubi
1086 430 1122 464 in
1148 429 1275 465 eadem
1300 442 1424 465 versus
1457 429 1542 466 sede
1567 429 1618 476 ἃμ

1677 222 1714 293 Ti

1687 359 1714 455 ..diff-:⁴
1691 291 1714 352 2³2...

72 486 227 532 πέλαγος
263 486 394 531 legitur
426 486 489 532 (ὣς
523 489 584 533 τὴν
617 487 666 532 ἂμ
699 486 853 531 πέλαγος
885 487 1036 532 ἄνεμοι),
1089 492 1212 522 contra
1245 499 1362 533 neque
1399 487 1436 521 in
1482 499 1515 521 v.
1546 486 1616 522 303
1665 485 1714 546 52³

72 543 222 578 Rzachii
258 544 463 578 coniectura
495 543 545 590 (p.
569 542 655 590 388)
689 542 777 592 ἦμος
807 540 840 579 δ’
863 541 1019 588 Ἠέλιος,
1054 542 1094 586 ὃς
1123 542 1306 591 ἀπείριτον
1336 543 1468 589 αἰθέρα
1499 542 1616 592 τέμνει

72 600 193 649 (codd.
219 597 271 636 Ἠ.
290 603 351 636 τὸν
375 603 410 637 ἀ.
428 603 460 636 ἀ.
487 600 636 648 τέμνων)
663 613 780 648 neque
806 601 842 636 in
868 614 901 636 v.
921 601 992 636 503
1018 601 1080 649 (cf.
1099 601 1232 637 Rzach.
1251 614 1285 649 p.
1303 601 1390 649 403)
1417 602 1615 637 Hermanni

71 659 209 707 Λίνῆος
237 655 320 702 υἱός,
355 660 416 694 τόν
446 655 481 694 οἱ
511 658 588 694 τέκε
620 659 679 695 δῖα
712 663 882 705 γυναικῶν
915 658 1037 706 (codd.
1064 660 1130 695 Αἰ.
1157 658 1262 707 φίλος
1294 656 1349 703 υἱ,
1381 659 1420 695 δν
1450 655 1500 706 οἱ)
1526 670 1614 706 opus

71 728 149 750 esse
174 715 268 751 infra
286 715 488 763 disputabo.
516 716 560 751 de
578 728 686 751 versu
710 716 782 751 442
807 728 947 763 quoque
974 716 1110 763 dubito,
1136 729 1221 752 num
1245 729 1309 763 pro
1335 716 1482 763 vulgata
1507 717 1614 763 scrip-

69 778 149 808 tura
173 772 379 822 εἰσεπέρησε
404 776 488 816 νεὼς
512 774 586 809 ἄπο
620 773 740 820 (codd.
767 773 901 808 habent
935 772 1160 820 εἰσεπέρησεν
1184 773 1263 820 ἕως)
1299 773 1394 820 quod
1419 773 1496 809 vult
1525 773 1613 809 Βω-

70 829 171 864 chius
196 829 246 877 (p.
269 830 356 876 405)
382 830 627 876 reponendum
654 831 698 865 sit
723 832 799 873 νεὸς
822 831 909 876 ἄπο,
942 830 1037 877 quod
1063 831 1190 865 ceteris
1216 830 1302 865 locis
1327 831 1451 877 epicae
1475 835 1614 865 tantum

69 887 237 921 vocabuli
267 892 347 935 νηῦς
379 887 514 922 formae
548 893 780 934 usurpentur,
822 900 905 922 nam
939 888 1065 922 eadem
1098 888 1213 922 forma
1245 890 1330 930 νεώς
1361 888 1397 922 in
1429 886 1613 923 codicibus

69 949 170 978 extat
194 957 228 978 v.
250 944 352 987 1203,
378 944 441 979 ubi
475 950 587 980 metro
612 957 681 980 non
708 946 926 991 exposcitur.
978 945 1119 979 aceedit
1144 944 1238 991 quod
1264 944 1400 990 reliqua
1425 943 1613 989 vocabula,

67 1012 219 1047 quorum
237 1001 398 1047 syllabae
416 1001 541 1036 finales
561 1003 597 1036 in
615 1002 868 1047 Argonauticis
887 1002 1143 1049 producuntur,
1169 1002 1206 1036 in
1231 1001 1451 1037 tribrachum
1468 1005 1611 1048 exeunt,

66 1057 135 1093 hoc
160 1063 281 1093 autem
305 1058 383 1093 loco
413 1058 586 1094 habemus
612 1071 737 1094 vocem
762 1059 1040 1106 pyrrhichicam.
1093 1059 1137 1094 de
1162 1059 1311 1095 aliorum
1336 1064 1521 1106 poetarum
1545 1070 1612 1094 usu

67 1116 110 1151 ef.
130 1115 262 1151 Rzach.
290 1128 324 1162 p.
343 1115 412 1150 428
432 1128 483 1162 sq.
520 1116 615 1162 quod
649 1117 695 1152 ad
729 1116 982 1164 productiones
1016 1116 1162 1163 adtinet,
1198 1129 1289 1164 quae
1323 1117 1359 1151 in
1394 1116 1611 1152 carminibus

67 1174 178 1219 epicis
212 1179 293 1220 post
327 1173 523 1208 Homerum
556 1174 825 1221 Hesiodumque
861 1175 1071 1220 conscriptis
1104 1174 1313 1220 pronomine
1338 1171 1373 1209 οἱ
1398 1173 1610 1218 efficiuntur,

65 1230 243 1265 Rzachius
270 1230 320 1277 (p.
339 1230 437 1278 375),
464 1231 493 1265 si
519 1232 660 1266 omnino
685 1231 782 1278 apud
808 1232 1018 1278 scriptorem
1043 1231 1198 1278 aliquem
1223 1236 1347 1267 extant
1372 1230 1452 1276 loci,
1482 1230 1611 1277 quibus

66 1287 226 1333 syllabae
265 1288 300 1322 in
340 1300 529 1323 consonam
568 1293 739 1323 exeuntes
777 1293 858 1324 ante
897 1300 1092 1335 pronomen
1130 1285 1165 1324 οἱ
1201 1288 1465 1335 producuntur,
1503 1287 1609 1334 locos,

66 1344 195 1390 quibus
222 1345 326 1379 aliter
355 1357 412 1379 res
438 1357 475 1379 se
501 1344 620 1391 habet,
658 1345 886 1391 corrigendos
921 1358 999 1380 esse
1025 1351 1156 1381 censet.
1208 1345 1272 1381 sed
1296 1345 1493 1389 videamus,
1525 1349 1610 1392 quot

65 1402 134 1436 loci
152 1401 198 1436 ad
223 1401 317 1436 hanc
335 1402 452 1448 legem
477 1401 691 1437 firmandam
709 1415 755 1437 ex
772 1403 1024 1448 Argonauticis
1048 1402 1183 1437 adferri
1207 1404 1353 1449 possint,
1380 1407 1465 1448 quot
1481 1403 1510 1437 is
1535 1414 1609 1437 cor-

65 1458 234 1505 rigendos
268 1471 346 1494 esse
381 1464 534 1494 censeat.
597 1472 632 1506 p.
658 1460 728 1494 369
759 1460 895 1506 profert
927 1460 1133 1506 exemplum
1166 1459 1327 1507 syllabae
1360 1460 1397 1494 in
1429 1460 1500 1495 arsi
1531 1471 1609 1507 pro-

65 1516 207 1560 ductae,
243 1516 338 1562 quod
364 1529 475 1552 unum
501 1522 599 1552 extat
631 1518 664 1552 in
693 1517 888 1562 codicibus,
920 1530 954 1553 v.
978 1517 1059 1562 534,
1087 1517 1144 1552 cui
1170 1517 1369 1552 Hermanni
1396 1517 1608 1552 coniecturis

65 1573 224 1620 probatis
251 1573 336 1608 addi
362 1573 512 1608 fortasse
538 1579 685 1620 possunt
710 1587 769 1609 vv.
790 1574 858 1608 778
885 1579 920 1608 et
946 1574 1036 1617 8163
1062 1573 1107 1608 de
1125 1586 1184 1608 vv.
1203 1574 1284 1620 473,
1311 1573 1391 1620 805,
1419 1573 1486 1608 861
1506 1572 1608 1608 aliter

65 1631 179 1665 sentio
204 1635 310 1677 atque
337 1630 561 1677 Rzachius.¹)
596 1643 629 1677 p.
650 1631 720 1665 374
746 1631 790 1665 de
809 1630 956 1677 syllabis
982 1632 1019 1665 in
1044 1631 1135 1666 thesi
1160 1630 1344 1678 productis
1369 1630 1483 1665 verba
1508 1630 1605 1666 facit.

64 1687 208 1722 codices
233 1688 318 1722 item
344 1699 454 1722 unum
480 1688 712 1734 suppeditant
738 1688 943 1734 exemplum
964 1688 1055 1723 1102
1080 1690 1121 1723 οὐ
1145 1690 1210 1734 γάρ
1236 1685 1272 1723 οἶ
1295 1688 1390 1733 λιγὺς
1406 1685 1509 1734 οὖρος
1531 1688 1602 1723 ὑπὸ

63 1749 228 1792 πνοιῇσιν
261 1745 374 1791 ὄρινεν
412 1745 499 1792 (qua
533 1746 569 1779 in
604 1745 795 1780 verborum
830 1745 1107 1780 conformatione
1141 1745 1322 1779 tritissima
1343 1744 1514 1790 >Homero
1547 1749 1602 1779 est

63 1802 267 1848 producti03
307 1802 352 1837 cf.
382 1801 532 1837 Hartelii
560 1802 661 1837 Stud.
689 1802 781 1837 hom.
809 1802 865 1837 III
891 1815 925 1848 p.
951 1802 1023 1849 73),
1055 1814 1124 1848 quo
1150 1802 1248 1836 nisus
1274 1801 1503 1847 corrigendos
1528 1814 1605 1837 esse

63 1864 166 1904 putat
192 1871 249 1893 VV.
269 1858 339 1893 503
367 1858 428 1905 (de
454 1871 523 1905 quo
549 1859 655 1893 modo
682 1859 867 1905 diximus),
902 1858 972 1893 684
1004 1858 1123 1905 (codd.
1151 1861 1191 1894 οὐ
1224 1860 1288 1905 γάρ
1321 1854 1355 1893 οἱ
1387 1857 1604 1903 ἐξυπάλυξις,

62 1927 145 1950 cum
163 1915 381 1951 Schneidero
400 1916 523 1951 scribit
548 1918 588 1952 οὐ
613 1918 676 1962 γάρ
702 1913 737 1952 οἱ
761 1915 992 1962 ὖπάλυξιςβ),
1020 1915 1090 1950 656
1116 1916 1168 1962 (in
1194 1920 1320 1962 quarta
1344 1915 1446 1958 thesi,
1472 1916 1508 1950 iu
1534 1927 1606 1962 qua

61 1973 157 2019 apud
183 1973 281 2017 alios,
315 1985 402 2019 quos
428 1974 583 2020 respicit,
619 1977 741 2019 poetas
776 1984 971 2019 numquam
1005 1972 1153 2019 produci
1188 1984 1234 2006 ex
1259 1973 1301 2006 iis
1326 1972 1486 2019 adparet,
1512 1984 1604 2018 quae

61 2042 96 2077 p.
116 2029 186 2064 379
212 2029 398 2077 disputat),
425 2029 507 2076 868,
537 2029 628 2065 1200
654 2029 798 2077 (vocula
822 2031 886 2077 γάρ
912 2042 994 2066 cum
1020 2029 1226 2065 Hermanno
1252 2030 1289 2064 in
1314 2028 1355 2066 δέ
1378 2034 1529 2074 mutata3
1556 2029 1602 2065 cf.

60 2100 94 2135 p.
114 2088 183 2122 377
204 2088 285 2134 sq.).
335 2089 406 2123 iam
437 2100 519 2123 cum
550 2100 660 2123 unum
692 2093 829 2123 tantum
855 2088 1059 2134 exemplum
1091 2092 1228 2122 certum
1254 2088 1308 2129 sit,
1340 2099 1470 2133 magno
1496 2099 1604 2134 opere

60 2145 258 2180 verendum
284 2151 349 2188 est,
384 2157 428 2180 ne
457 2146 585 2180 ceteris
619 2144 705 2180 locis
738 2145 921 2191 temptatis
947 2145 1063 2191 ipsum
1094 2149 1234 2191 poetam
1261 2145 1491 2190 corrigamus.
1546 2156 1603 2179 ac-

175 2290 198 2325 ¹)
219 2290 282 2317 Hos
303 2289 384 2317 locos
404 2290 481 2317 infra
501 2290 642 2317 tractabo.

174 2337 196 2372 2)
218 2337 427 2365 Weizsaecker
447 2336 778 2373 (Correspondenzblatt
799 2337 819 2364 f.
840 2337 866 2364 d.
883 2336 960 2364 Gel.-
982 2336 1041 2363 und
1062 2336 1195 2364 Realsch.
1211 2337 1446 2372 Wiirttembergs
1466 2337 1511 2371 35,
1533 2336 1601 2379 275)
1662 2368 1665 2371 ,

57 2393 129 2412 sane
149 2385 274 2412 ulterius
295 2386 479 2421 progreditur
500 2385 682 2412 contendens
703 2393 738 2412 ea
759 2386 928 2412 coniectura
949 2388 1072 2420 accepta
1092 2388 1216 2411 metrum
1238 2384 1310 2411 adeo
1332 2384 1487 2420 corrumpi.

1680 2146 1683 2147 ¹
1686 2118 1692 2128 v.
1678 2028 1691 2038 ζ
1676 2004 1679 2008 ’
1682 1974 1685 1977 *
1689 1928 1691 1930 ι
1682 1891 1689 1894 r
1686 1865 1691 1872 u
1675 1824 1688 1838 ¹.

1691 1901 1714 2181 :affixam-*425'.:..‡.5..
1706 1863 1714 1869 »
1707 1790 1714 1848 μ...
1691 1746 1714 1769 .ζ.ῖ
