1714 2583
70 11 114 44 38
1508 0 1608 56 [273]
1642 8 1650 15 -·
1666 22 1702 41 :-

72 116 167 161 quod
193 115 222 148 si
248 115 327 160 quis
353 113 485 148 obiciat
525 118 600 147 tum
626 113 817 147 dicendum
851 113 960 148 fuisse
995 116 1093 161 ὑμᾶς,
1128 126 1198 148 non
1232 115 1371 161 ἄνδρας,
1409 117 1610 151 meminerit

73 172 181 206 velim
206 171 320 206 verba
345 171 391 205 ab
418 171 545 205 Iasone
572 170 616 205 de
641 169 795 217 ἑταίροις
819 171 915 206 facta
939 183 1027 206 esse.
1068 171 1180 205 dativi
1204 171 1436 218 μαρναμένοις
1460 173 1496 207 in
1520 187 1609 220 μαρ-
1630 196 1633 199 »

72 231 213 275 νάμενοι
247 241 329 263 cum
363 228 569 262 Hermanno
603 227 765 263 mutandi
799 240 907 263 causa
941 240 1018 263 esse
1053 240 1122 263 non
1153 227 1306 263 videtur.
1358 229 1450 276 quod
1484 230 1610 265 Sitzler

73 286 257 331 proposuit
274 287 485 332 ἀποφθΐσαι
510 284 612 331 με’νος
636 285 771 331 ἀνδρῶν
788 285 834 319 ad
851 285 1072 321 ἐπιθεῖσθον
1096 285 1325 320 referendum
1352 285 1432 332 (⁴als
1449 286 1609 322 Infinitiv
1665 304 1668 308 ⁴

72 342 135 376 des
161 341 334 376 Zweckes
368 342 454 376 oder
485 341 548 375 der
575 341 753 388 Absieht’)
787 341 1001 376 refutatione
1034 354 1105 377 non
1139 347 1230 387 eget.
1280 347 1377 376 reete
1407 347 1527 378 autem
1551 343 1609 378 ille

73 411 186 446 aeque
219 405 326 445 atque
356 399 594 443 Hei-mannus,
630 399 689 445 qui
719 397 740 447 ἦ
766 396 917 435 ἔλπεσθ’
943 400 1099 446 scripsit,
1133 396 1290 435 ἔλπεσθε
1323 400 1609 445 interrogationis

73 458 189 491 vicem
216 456 376 490 obtinere
402 456 587 490 intellexit.
615 456 659 490 de
684 456 861 502 particula
885 455 906 504 ἦ
932 461 966 491 et
992 456 1036 491 de
1063 457 1217 503 synizesi
1242 456 1347 503 paulo
1372 457 1466 492 infra
1491 457 1609 504 dispu-

73 513 173 558 tab03
207 513 387 560 adponam
421 518 558 548 tantum
588 512 705 548 locum
736 512 956 549 homericum
981 525 1155 561 perquam
1180 513 1343 548 similem:
1390 514 1420 550 Ο
1444 513 1514 549 502
1551 519 1610 550 νῦν

73 572 193 618 ἄρκιον
217 572 240 619 ἢ
264 570 469 607 ἀπολέσθαι
492 571 496 617 Ι
525 572 564 618 ἠὲ
590 573 774 619 σαωθῆναι
799 570 859 607 καὶ
884 573 1106 607 ἀπώσασθαι
1130 573 1219 607 κακὰ
1244 577 1342 618 νηῶν.
1367 571 1371 618 Ι
1400 570 1421 620 ἦ
1447 569 1608 616 ἔλπεσθ’,

73 629 114 675 ἢν
139 633 222 676 νῆας
247 627 306 676 ἕλῃ
332 627 569 674 κορυθαίολος
594 624 743 674 ”Ἐκτωρ,
772 629 776 671 Ι
806 628 963 673 ἐμβαδὸν
986 628 1131 670 ἵξεσθαι
1157 628 1197 676 ἣν
1221 627 1378 674 πατρίδα
1402 631 1505 674 γαῖαν
1528 627 1610 664 ἕκα-

73 698 172 730 στος,·
190 685 343 720 Wielius
366 684 511 731 quidem
534 684 624 719 haec
650 685 811 731 opponit:
839 686 966 731 ‘neque
985 698 1069 721 vero
1096 697 1188 732 quae
1215 686 1266 720 sic
1289 686 1410 721 existit
1435 686 1609 721 sententia

74 755 139 788 per
164 754 201 776 se
228 742 371 787 quidem
396 743 580 788 aptissima
606 741 673 776 hoc
699 742 776 776 loco
802 746 887 776 satis
913 748 997 788 apta
1021 742 1203 777 videbitur
1226 743 1401 788 cuiquam,
1428 744 1489 789 qui
1514 748 1610 778 ante-

75 799 238 834 cedentia
263 803 298 833 et
324 798 578 845 subsequentia
603 803 770 833 accurate
797 799 1080 845 comparaverit.'
1108 798 1237 845 quibus
1254 798 1374 833 verbis
1400 804 1610 845 argumenta

74 869 144 892 non
181 856 416 901 continentur,
452 857 558 891 immo
584 855 782 891 ostenditur
812 861 1023 901 argumenta
1049 856 1180 891 Wielio
1206 856 1374 891 defuisse.
1426 856 1488 892 sed
1514 862 1610 892 ante-

75 926 183 960 quam
214 913 260 948 ad
287 913 409 948 Wielii
442 914 554 960 ipsius
580 914 822 948 coniecturam
854 912 1082 958 accedamus,
1118 914 1306 949 conveniat
1338 914 1431 948 inter
1463 925 1526 949 nos
1551 926 1609 949 ne-

74 983 174 1006 cesse
210 976 279 1017 est,
315 971 398 1017 quid
433 983 497 1017 pro
532 984 590 1006 κεν
622 982 847 1017 reponamus
899 970 1126 1006 Hermannus
1161 982 1223 1005 suo
1257 983 1354 1006 more
1388 968 1424 1007 οἳ
1458 972 1609 1018 scripsit,

74 1028 201 1062 Sitzler
224 1025 303 1072 τάχ’
321 1028 511 1073 legendum
537 1040 614 1063 esse
642 1033 774 1072 censet,
801 1033 840 1062 ut
865 1028 948 1062 inde
973 1027 1061 1062 illud
1087 1028 1254 1076 ἀδήριτον
1279 1028 1487 1074 explicetur.
1525 1029 1610 1064 mihi

74 1084 216 1131 quidem
245 1084 340 1120 locos
367 1085 618 1129 consideranti,
645 1084 775 1131 quibus
799 1098 857 1120 κεν
882 1096 928 1119 ex
953 1083 1013 1120 καί
1039 1090 1245 1131 corruptum
1270 1090 1324 1119 est
1349 1084 1410 1131 (cf.
1429 1097 1463 1120 V.
1482 1084 1553 1120 824
1575 1091 1611 1121 et

76 1142 255 1187 Apollonii
281 1142 377 1176 locos
403 1154 423 1175 a
450 1142 654 1176 WVellauero
688 1142 724 1175 in
749 1146 833 1176 nota
858 1141 904 1175 ad
935 1141 953 1175 I
979 1141 1048 1176 663
1083 1141 1277 1188 collectos),
1312 1142 1611 1188 simplicissimum

75 1211 152 1234 esse
178 1198 337 1234 videtur:
364 1199 411 1242 ὡς
434 1197 505 1243 καί,
532 1198 626 1245 quod
652 1198 861 1233 Huschkius
887 1198 1080 1246 proposuit.
1125 1199 1172 1242 ὡς
1196 1198 1242 1234 ab
1269 1196 1428 1235 ἔλπεσθε
1453 1199 1611 1246 pendere

74 1270 177 1304 posse
204 1269 312 1303 supra
338 1257 640 1292 demonstrabam.
683 1269 807 1291 versus
832 1257 915 1291 inde
941 1269 963 1291 a
988 1256 1058 1291 846
1084 1269 1196 1303 usque
1222 1257 1267 1291 ad
1294 1256 1363 1291 849
1388 1258 1611 1303 parenthesis

74 1314 152 1349 loco
177 1313 408 1360 accipiendos
434 1326 512 1348 esse
539 1313 647 1357 duco3
675 1319 772 1348 recte
799 1315 893 1349 enim
910 1313 1145 1348 Schubertius
1170 1314 1262 1348 inter
1289 1326 1325 1348 se
1353 1315 1483 1361 opponi
1509 1314 1609 1349 dicit:

74 1373 107 1408 εἰ
123 1373 185 1418 μὲν
203 1372 246 1419 δὴ
264 1371 456 1416 Κόλχοισιν
476 1400 483 1407 .
503 1400 510 1407 .
531 1398 538 1406 .
557 1372 777 1408 ἐπιθεῖσθον
796 1377 831 1406 et
848 1372 880 1407 εἰ
897 1370 936 1408 δέ
952 1370 992 1407 κε’
1008 1384 1069 1418 μοι
1086 1370 1296 1408 πείθοισθε.
1328 1384 1419 1419 quae
1437 1372 1610 1420 oppositio

75 1429 288 1470 turbaretur,
324 1430 352 1463 si
378 1442 411 1464 V.
440 1428 509 1463 846
533 1441 583 1475 sq.
614 1427 962 1475 (ἔλπεσθ’-γαῖαν)
999 1435 1078 1474 post
1113 1429 1182 1464 850
1217 1427 1370 1474 (κέρδιόν
1401 1430 1494 1474 ἐστι)
1530 1442 1610 1465 cum

77 1485 206 1521 Wielio
233 1491 555 1532 transponeremus,
591 1486 651 1532 qui
678 1486 712 1520 in
740 1498 772 1520 V.
798 1485 867 1520 845
892 1484 1095 1534 ἀποφθίσει
1120 1485 1258 1532 probat.
1308 1497 1391 1520 nam
1415 1487 1483 1521 nisi
1508 1498 1610 1533 prae-

75 1544 171 1579 cedit
197 1544 436 1578 enuntiatum:
488 1543 612 1578 ‘nolite
648 1555 793 1590 sperare
819 1555 884 1578 vos
910 1544 984 1578 sine
1011 1543 1204 1578 certamine
1233 1544 1386 1590 pretium
1413 1556 1490 1579 esse
1516 1544 1611 1579 abla-

75 1601 196 1645 turos',
230 1600 318 1635 illud
351 1600 384 1635 εἰ
410 1599 450 1636 δέ
473 1614 512 1635 νυ
543 1606 674 1647 παῦροι
706 1601 823 1643 ἐόντες
855 1599 1080 1636 ὗποκλίνοιτε
1113 1601 1265 1648 φάλαγγι
1298 1612 1368 1635 non
1401 1600 1511 1636 habet
1543 1613 1612 1647 quo

75 1658 260 1694 referatur.
313 1669 422 1704 quare
453 1657 634 1693 reicienda
661 1663 714 1693 est
747 1658 974 1704 transpositio
999 1657 1069 1702 illa,
1102 1669 1193 1704 quae
1218 1658 1331 1704 primo
1357 1657 1482 1693 obtutu
1506 1658 1612 1694 valde

76 1716 206 1762 placet,
233 1727 315 1749 eum
341 1727 383 1750 ea
409 1716 561 1761 probata
586 1716 751 1761 apodosis
778 1715 827 1761 (v.
848 1715 945 1761 850),
981 1727 1072 1760 quae
1097 1727 1192 1749 nunc
1218 1715 1327 1758 deest,
1363 1716 1492 1750 existat
1518 1728 1611 1750 com-

75 1772 292 1807 modissima.
335 1772 475 1806 accedit
501 1771 596 1817 quod
623 1771 735 1806 verba
759 1772 792 1807 εἰ
817 1770 856 1807 δέ
880 1771 920 1807 κέ
943 1784 1005 1817 μοι
1029 1770 1243 1815 πείθοισθε,
1269 1773 1310 1806 τὸ
1335 1771 1394 1807 καὶ
1418 1772 1511 1807 πολὺ
1535 1771 1613 1818 κέρ-

76 1830 151 1866 διόν
175 1829 263 1873 ἐστι,
287 1829 290 1874 Ι
314 1825 476 1872 ἔλπεσθ’,
503 1829 550 1871 ὡς
571 1827 631 1864 καὶ
653 1829 817 1876 ἀδήριτον
841 1827 941 1875 γέρας
966 1825 1108 1864 ἔσσεται
1132 1829 1212 1874 ὑμῖν
1241 1828 1245 1873 Ι
1274 1833 1367 1872 κῶας
1391 1828 1613 1876 ἀειραμένους

76 1886 164 1923 ἰέναι
190 1889 279 1933 πρὸς
304 1885 461 1933 πατρίδα
485 1889 588 1932 γαῖαν
617 1886 714 1920 haud
740 1892 822 1932 apte
848 1886 1077 1932 excipiuntur
1102 1885 1156 1919 his
1188 1883 1362 1932 κρίναντες
1385 1887 1446 1921 τὸν
1470 1887 1613 1933 ἄριστον

74 1945 96 1991 ἢ
120 1943 158 1987 ὃς
181 1944 428 1990 βασιλεύτερός
453 1944 550 1979 ἐστιν
578 1943 655 1989 (τὸν
679 1945 823 1989 ἄριστον
845 1944 939 1978 enim
957 1955 1035 1977 esse
1060 1943 1307 1989 reponendum
1329 1943 1412 1978 inde
1429 1956 1450 1977 a
1468 1943 1611 1979 Schnei-

75 2001 161 2036 dero
187 2013 309 2036 omnes
337 2001 586 2047 consentiunt).
636 2002 672 2035 in
699 2013 732 2036 V.
757 2000 826 2035 848
860 2013 931 2035 non
966 2005 1029 2046 est,
1066 2012 1130 2034 cur
1164 2012 1246 2035 cum
1271 2000 1477 2036 Hermanno
1510 2004 1548 2036 νύ
1573 2015 1611 2037 κε

74 2071 138 2104 pro
157 2057 197 2094 δέ
214 2072 251 2093 νυ
270 2057 485 2102 scribamus3
512 2070 629 2104 neque
651 2059 853 2093 necessaria
871 2064 924 2092 est
946 2057 1106 2092 eiusdem
1133 2059 1339 2093 coniectura
1362 2058 1610 2106 ὑποκλινθῆτε,

75 2127 155 2149 cum
189 2120 278 2148 teste
306 2115 436 2149 Wielio
464 2116 595 2149 ‘activa
620 2115 724 2149 huius
750 2115 852 2149 verbi
886 2115 1000 2149 forma
1026 2114 1283 2159 significatione
1309 2127 1379 2149 non
1404 2128 1486 2149 rara
1511 2115 1611 2161 sit’.¹)

74 2171 205 2206 deinde
231 2171 276 2205 ad
294 2172 447 2206 verbum
471 2173 621 2206 κεάσσαι
639 2171 837 2206 Schneider
854 2171 1093 2217 supplendum
1110 2183 1188 2206 esse
1214 2176 1315 2218 putat
1338 2169 1612 2208 ἔλπεσθεᾞαθο

190 2267 212 2302 ¹)
233 2268 268 2293 In
290 2275 324 2294 eo
347 2269 436 2301 enim,
463 2268 540 2302 quod
562 2276 659 2302 neque
679 2268 807 2294 Wielius
828 2267 995 2303 exemplum
1017 2268 1111 2294 adfert
1132 2276 1229 2303 neque
1249 2268 1321 2295 mihi
1342 2268 1402 2295 tale
1422 2271 1537 2303 praesto
1558 2271 1612 2303 est,

73 2314 281 2341 offendendum
308 2323 367 2341 non
393 2322 457 2341 esse
482 2318 564 2350 puto.
605 2323 673 2341 nam
699 2316 893 2351 compositum
920 2323 1069 2350 perrarum
1097 2318 1154 2349 θεῖ,
1185 2315 1221 2341 de
1246 2315 1373 2350 simplici
1397 2318 1496 2342 autem
1521 2315 1611 2342 verbo

72 2362 217 2389 dubitatio
238 2363 376 2390 eximitur
395 2363 439 2390 his
454 2363 610 2399 exemplis:
632 2364 706 2391 Xen.
722 2363 834 2392 Comm.
850 2363 894 2390 111
908 2364 934 2397 5,
952 2364 995 2396 13,
1009 2363 1105 2399 Apoll.
1120 2363 1135 2390 Ι
1149 2364 1218 2397 453;
1239 2371 1274 2391 ex
1288 2363 1445 2391 Aristotele
1459 2363 1611 2390 Bonitzius

73 2410 167 2436 adfert
190 2413 220 2438 Φ
241 2411 266 2443 6,
283 2409 357 2437 8112b
376 2412 407 2445 3,
429 2412 544 2447 saepius
567 2411 595 2437 id
617 2412 741 2438 recurrit
761 2412 839 2447 apud
861 2411 1033 2446 Polybium:
1054 2412 1097 2438 111
1119 2412 1163 2444 93,
1180 2412 1210 2445 73
1234 2413 1296 2446 115,
1311 2412 1337 2445 9,
1358 2411 1399 2438 VI
1419 2412 1465 2445 40,
1482 2412 1524 2438 12.
