1714 2583
107 85 175 120 hac
199 86 308 131 igitur
332 85 509 132 particula
534 86 653 132 capita
679 85 821 130 selecta,
848 86 1119 122 coniunctiones
1145 98 1234 133 quas
1260 85 1384 121 dicunt
1409 78 1625 121 subiunctis

110 147 145 177 et
178 143 430 189 pronominum
463 155 578 188 usum,
613 143 776 178 tractavi.
827 155 919 189 quae
938 142 1088 178 'restant
1122 149 1162 178 ut
1194 155 1391 190 proponam
1422 142 1507 178 viris
1539 139 1687 189 doofflss‘if'

110 199 299 246 diligenter
324 200 519 244 elaborata,
547 212 654 246 quam
680 200 935 235 studiosi-ssime
962 200 1105 236 curabo.
1691 234 1714 248 ἶ.

225 257 551 302 Argonautieorum
586 256 803 292 editionibus
836 269 922 292 usus
958 269 1037 292 sum
1075 270 1097 292 a
1130 257 1348 294 Schneidero
1383 255 1529 304 (1803),
1563 256 1653 292 Her·
1699 260 1714 297 ’ἢ

108 326 239 349 manno
266 314 402 361 (1805),
437 314 568 349 Abelio
599 314 726 362 (1885)
762 316 904 350 curatis.
956 315 1041 361 quid
1074 315 1119 349 de
1153 319 1253 350 textu
1290 314 1336 348 ab
1361 314 1490 349 Abelio
1524 315 1652 349 consti·
1692 330 1714 354 't

107 376 184 406 tuto
219 372 382 417 sentiam,
419 372 566 419 singulis
600 371 686 407 locis
720 372 903 407 indicandi
937 373 1077 407 occasio
1108 372 1193 408 data
1225 373 1301 407 erit.
1345 371 1441 419 quod
1474 370 1714 418 integrum!

107 428 167 464 ille
193 435 406 477 apparatum
434 431 596 465 criticum
626 430 750 465 maiori
776 430 922 465 editioni
948 431 1158 476 reservavit,
1192 442 1322 477 magno
1349 441 1457 477 opere
1482 427 1576 465 sane
1592 428 1652 478 do-

108 486 255 522 lendum
287 492 350 531 est,
386 489 596 534 praesertim
628 500 709 522 cum
735 499 775 522 eo
809 493 921 522 morte
946 489 1137 523 immatura
1162 488 1311 534 abrepto
1343 487 1449 534 plane
1474 481 1671 523 incertum*

107 545 162 589 sit,
194 556 278 579 num
307 545 385 591 quis
411 544 523 591 copiis
549 544 595 579 ab
621 556 663 580 eo
690 544 847 580 collectis
872 557 956 580 usus
982 545 1172 580 editionem
1203 545 1299 580 illam
1325 544 1386 579 diu
1412 543 1652 580 desideratam

106 602 278 648 proximis
305 603 407 637 annis
431 602 658 649 perfecturus
685 603 738 637 sit.
775 615 793 636 e
811 602 1017 637 melioribus
1036 601 1220 637 codicibus
1238 623 1284 627 —
1301 598 1649 648 R(uhnkenianum),
1669 594 1672 596 .
1698 620 1701 622 v

107 658 443 707 S(trahoviensem),
478 659 742 706 Vo(ssianum),
781 659 1133 707 V(ind0b0nensem)
1168 659 1247 694 dico
1288 679 1333 684 —
1369 659 1473 693 unius
1507 651 1650 699 8113110-

106 717 239 751 viensis
266 717 406 752 collatio
440 718 580 763 integra
605 717 739 763 publici
766 718 851 751 iuris
877 717 974 752 facta
1000 723 1053 751 est
1079 731 1100 752 a
1125 717 1164 752 F.
1190 716 1401 752 Schubertio
1426 716 1532 761 (Eine
1557 707 1650 756 neue
1701 718 1714 754 J:

105 773 311 809 Handschr.
340 774 373 809 11.
401 775 501 821 orph.
529 775 665 820 Argon.
692 774 849 810 Vindob.
871 774 973 819 1881,
1001 774 1243 820 Sitzung'sber.
1271 774 1335 808 der
1359 773 1509 809 Wiener
1533 772 1648 808 Acad.

106 830 287 877 phil.-hist.
307 831 359 866 Ol.
387 831 445 877 98,
464 832 497 877 2,
516 831 739 879 449-485);
783 831 885 866 codd.
913 832 945 867 R
981 837 1016 866 et
1042 832 1098 867 Vo
1124 844 1195 867 una
1220 843 1301 866 cum
1328 830 1467 865 duobus
1493 830 1648 865 deterio-

105 887 204 923 ribus
238 888 559 936 W(1·atislaviensi)
594 895 630 924 et
663 889 865 936 L(eidensi)
901 889 1050 924 contulit
1083 889 1126 924 A.
1152 888 1391 924 Guttmannus
1425 893 1460 923 et
1494 888 1653 934 priorem

106 951 246 992 partem
273 946 470 981 collationis
497 946 626 993 (usque
652 946 697 981 ad
723 959 757 982 v.
783 946 868 994 732)
894 946 1081 981 nobiscum
1108 947 1383 982 communicavit
1407 946 1443 979 in
1469 956 1649 991 program-

105 1008 201 1038 mate
227 1003 482 1049 Regiocasensi
514 1002 787 1051 (Konigshiitte)
822 1016 853 1038 a.
876 1002 977 1048 18873
1013 1003 1327 1039 Vindobonensem
1362 1003 1438 1049 ipse
1471 1000 1663 1037 nonnullisv

105 1061 191 1096 locis
216 1061 490 1108 inspexeram,1)
517 1074 600 1096 eum
626 1060 820 1096 collationis
843 1073 864 1095 a
882 1061 1071 1107 Wesselyo
1097 1066 1241 1096 curatae
1267 1072 1350 1107 pars
1375 1059 1495 1106 aliqua
1519 1059 1648 1095 emissa

105 1124 174 1162 est3
202 1118 247 1153 cf.
274 1118 399 1154 Philol.
419 1118 664 1154 XXXXVIII
689 1118 738 1165 (n.
759 1131 784 1153 s.
804 1118 856 1165 II)
883 1131 917 1164 p.
937 1118 1007 1152 379
1026 1131 1115 1165 sqq„
1141 1118 1211 1153 573
1229 1130 1304 1164 sqq.

105 1235 225 1270 Lipsiae
257 1235 340 1269 1813,
367 1235 397 1260 in
422 1233 497 1261 libro
523 1235 585 1270 ipso
611 1234 813 1269 desideratur).
855 1234 933 1269 quod
958 1234 994 1261 ad
1024 1233 1142 1261 libellos
1172 1233 1209 1261 110
1234 1233 1335 1260 horum
1362 1234 1514 1269 poetarum
1546 1231 1645 1259 010011-

105 1283 185 1309 tione
206 1283 386 1317 conscriptos
410 1282 532 1315 adtinet,
553 1282 590 1308 ad
610 1282 758 1316 syntaxim
782 1290 842 1308 non
862 1283 1012 1317 pertinent
1032 1282 1089 1307 nisi
1110 1282 1154 1308 hi:
1180 1281 1214 1308 A.
1233 1281 1364 1315 Haacke,
1384 1281 1430 1307 De
1453 1279 1527 1307 eloc.
1548 1279 1645 1315 Apoll.

104 1329 191 1356 Halis
205 1330 277 1355 1842
298 1329 457 1365 (particula
470 1329 499 1355 11
513 1330 590 1356 inest
610 1330 639 1355 in
661 1328 773 1362 libello,
794 1338 852 1364 quo
868 1329 1033 1355 Godofredo
1047 1328 1220 1364 Bernhardy
1239 1327 1381 1363 gratulati
1401 1330 1470 1354 sunt
1489 1335 1559 1354 sem.
1575 1326 1643 1353 Hal.
1676 1331 1680 1334 ’

104 1377 187 1412 sod.),
209 1377 243 1405 L.
265 1378 299 1404 L.
319 1377 352 1404 A.
367 1377 467 1411 Aulin,
498 1377 543 1404 De
564 1377 638 1404 0100.
661 1377 735 1404 Call.
758 1377 859 1413 Upsal.
884 1378 965 1412 1856,
996 1377 1030 1404 V.
1053 1377 1081 1404 J.
1102 1376 1212 1411 Loebe,
1232 1377 1278 1403 De
1299 1376 1372 1403 0100.
1394 1375 1468 1403 Call.
1489 1375 1526 1402 11.
1548 1383 1649 1415 progr.⁴

104 1425 225 1452 Putbus.
250 1426 331 1459 1874,
357 1426 405 1452 Fr.
427 1425 571 1461 Spstzner,
593 1425 714 1452 Observ.
736 1426 800 1452 crit.
822 1429 851 1452 et
877 1434 999 1460 gramm.
1020 1426 1051 1451 in
1073 1425 1173 1458 Quint.
1195 1425 1314 1460 Lipsiae
1338 1425 1420 1456 1839,
1453 1423 1485 1450 A.
1508 1424 1645 1450 Zimmer-

104 1481 203 1508 mann,
224 1473 298 1500 Krit.
321 1473 438 1501 Unters.
461 1482 485 1500 z.
501 1473 527 1499 d.
543 1473 692 1500 Posthom.
714 1473 833 1509 Lipsiae
857 1473 939 1506 1889,
965 1473 1002 1500 H.
1024 1472 1057 1500 Ο.
1073 1472 1214 1507 Schmidt,
1235 1472 1281 1499 De
1302 1471 1375 1500 0100.
1397 1471 1534 1507 Oppiani.
1555 1471 1645 1498 Ienae

106 1522 187 1549 1866.
228 1521 296 1548 libri
317 1529 428 1556 eorum,
450 1522 500 1556 qui
521 1521 647 1557 singulis
667 1522 800 1556 syntaxis
820 1521 952 1557 partibus
972 1520 1156 1548 illustrandis
1176 1528 1293 1557 operam
1315 1523 1472 1556 navarunt,
1492 1520 1552 1546 suis
1571 1518 1646 1546 locis

103 1569 274 1596 adferentur
298 1570 413 1596 omissis
439 1570 483 1603 iis,
510 1571 560 1605 qui
582 1570 654 1596 mihi
674 1572 790 1604 praesto
811 1578 870 1596 non
891 1572 983 1603 erant,
1005 1573 1035 1596 et
1054 1569 1239 1604 quibusdam,
1260 1569 1311 1603 qui
1332 1567 1444 1594 nullius
1470 1568 1590 1595 omnino
1610 1567 1642 1593 in

103 1618 285 1651 quaestione,
308 1625 395 1652 quam
416 1617 541 1650 institui,
562 1616 738 1651 explicanda
758 1617 900 1643 momenti
921 1624 985 1643 esse
1005 1616 1189 1643 videbantur.
1626 1621 1628 1624 ⁴

220 1673 241 1708 1)
262 1673 393 1708 Adparet
413 1681 449 1700 ex
474 1673 520 1700 his
542 1673 752 1701 collationibus
772 1674 837 1700 iuro
858 1682 875 1700 a
896 1672 1086 1701 Scheindlero
1111 1672 1160 1707 (cf.
1181 1672 1257 1699 Ann.
1278 1680 1378 1708 gymn.
1399 1671 1497 1699 Austr.
1518 1679 1545 1699 a.
1569 1671 1643 1698 1884
1679 1688 1681 1691 -

103 1730 131 1756 p.
148 1721 197 1756 29)
218 1722 417 1757 vituperatum
439 1729 502 1749 esse
524 1722 556 1748 F.
572 1721 789 1755 Hillmannum,
811 1721 862 1756 qui
883 1721 941 1756 (De
961 1723 1024 1748 arte
1045 1720 1109 1748 crit.
1129 1721 1161 1746 in
1182 1719 1390 1755 Orph.Argon.
1412 1719 1505 1747 factit.
1526 1718 1645 1754 Lipsiae

105 1770 187 1803 1883,
208 1778 234 1804 p.
252 1770 299 1804 10)
320 1769 376 1796 sibi
396 1772 581 1805 persuaserat
601 1770 716 1805 ‘graves
731 1769 865 1796 codicum
886 1769 1107 1804 discrepantias,
1129 1776 1145 1795 0
1160 1768 1267 1804 quibus
1287 1767 1470 1803 potissimum
1491 1766 1528 1793 de
1542 1774 1643 1793 eorum

103 1818 216 1852 origine
231 1818 409 1852 cognatione
429 1819 524 1853 pretio
539 1820 651 1844 certum
666 1817 807 1844 iudicium
823 1817 899 1844 ferre
913 1817 1014 1850 liceat,
1035 1819 1151 1852 praeter
1171 1824 1280 1851 paucas
1300 1823 1401 1842 omnes
1421 1814 1458 1842 ab
1472 1814 1645 1841 Hermanno

126 1885 132 1891 .
149 1886 155 1891 .
176 1865 307 1892 adiectas
329 1872 392 1892 esse
412 1865 525 1892 videri'.
566 1873 641 1900 quae
662 1873 708 1892 res
728 1868 762 1891 ut
783 1864 979 1898 confirmetur,
1006 1865 1064 1891 iam
1085 1864 1142 1890 duo
1164 1863 1295 1890 adferam
1317 1861 1461 1898 exempla.
1501 1861 1565 1888 fieri
1584 1869 1645 1888 non
1694 1858 1714 1892 ζ’

102 1913 207 1948 potuit,
233 1914 306 1949 quin
331 1912 434 1940 Hillm.
456 1922 485 1948 p.
500 1914 536 1940 23
557 1916 680 1949 negaret
701 1921 718 1940 0
738 1913 882 1940 Vossiano
903 1912 1050 1939 derivatos
1071 1919 1134 1939 esse
1160 1911 1234 1938 duos
1254 1911 1442 1947 Augustanos
1462 1909 1524 1936 sive
1542 1909 1645 1936 Mona.—
1683 1935 1687 1939 ,
1704 1922 1709 1925 <

102 1969 213 1996 censes,
228 1962 336 1997 quippe
357 1962 389 1988 in
410 1962 518 1997 quibus
538 1961 655 1996 legatur
675 1970 701 1988 v.
718 1961 763 1993 96,
785 1969 872 1995 quem
893 1961 924 1987 in
945 1960 990 1987 Vo
1011 1960 1113 1987 deesse
1133 1959 1320 1986 Hei-mannus
1340 1960 1472 1985 testatur.
1494 1957 1545 1984 sed
1564 1966 1592 1984 v.
1607 1957 1644 1984 96

102 2011 184 2035 extat
203 2009 234 2035 in
255 2009 307 2036 Vo.
349 2010 418 2036 item
441 2009 570 2036 concidit
589 2011 805 2043 argumentum,
826 2016 884 2042 quo
906 2008 931 2034 is
951 2017 978 2043 p.
1001 2008 1035 2033 21
1058 2006 1277 2033 demonstrabat
1297 2014 1313 2032 e
1334 2005 1558 2033 Vindobonensi
1576 2004 1644 2031 reli·
1669 1998 1672 1999 ⁷
1701 2018 1704 2020 v

101 2065 174 2091 quos
199 2056 291 2083 bonos
317 2057 433 2083 codices
459 2065 518 2083 non
544 2056 672 2082 fluxisse.
712 2064 814 2082 versus
839 2055 918 2082 enim
944 2056 990 2087 51,
1018 2062 1106 2089 quem
1127 2062 1145 2080 a
1166 2054 1191 2080 V
1212 2053 1313 2080 abesse
1334 2053 1437 2080 Hillm.
1458 2053 1586 2088 putavit,
1611 2060 1643 2079 re
1663 2061 1666 2063 ’

101 2112 171 2131 vera
191 2105 222 2130 in
244 2112 278 2131 eo
300 2104 417 2139 legitur.
