1714 2583
208 67 236 102 I.
255 67 456 102 Pronomen
481 72 535 101 est
559 67 684 102 tertiae
710 78 895 113 personae.
938 67 1091 103 refertur
1109 66 1159 114 A)
1177 67 1225 103 ad
1247 67 1448 109 subiectum
1470 44 1679 107 eiusdemi...

94 126 279 169 enuntiati,
310 124 405 171 quod
435 123 472 170 a)
503 119 641 159 numeri
672 123 874 170 singularis:
908 124 987 171 173,
1011 124 1124 172 (231),
1148 124 1228 167 270,
1251 124 1333 171 283,
1351 125 1432 170 296,
1450 125 1531 170 394,
1549 121 1695 173 5335}

93 182 174 224 534,
199 181 280 225 589,
305 181 386 227 734,
410 180 524 228 (761),
550 180 653 226 *778,
677 180 779 225 *816,
802 180 916 229 (818),
938 181 1042 227 *927,
1069 181 1170 227 1026,
1197 181 1335 229 (1028),
1362 181 1500 230 (1181),
1528 176 1693 229 125653J'}

93 239 221 281 *1292,
250 238 351 273 1352.
391 238 432 285 b)
463 239 600 273 numeri
631 238 777 285 pluralis
810 244 878 274 est:
910 239 992 284 526,
1016 239 1095 284 836,
1115 238 1228 286 (838),
1249 239 1351 284 1035,
1370 240 1508 286 (1141),
1530 239 1644 286 1272,v

97 296 199 341 1277,
218 295 345 331 *1282
372 294 419 342 Β)
445 295 491 330 ad
519 295 720 330 subiectum
746 296 919 331 enuntiati
945 297 1104 343 primarii
1135 296 1290 339 (numeri
1320 296 1541 345 singularis):
1573 297 1631 342 56,

95 353 210 401 (249),
235 353 314 399 775,
333 352 538 398 788,1309.
583 351 627 400 C)
652 364 845 400 pronomen
878 353 1198 390 demonstrativum
1227 359 1290 390 est.
1332 354 1488 390 refertur
1516 353 1553 401 a)
1585 354 1637 390 ad·

94 423 223 446 nomen
248 412 387 446 numeri
410 410 613 455 singularis:
639 410 697 454 58,
715 410 772 454 67,
791 411 870 454 226,
892 410 1005 457 (253),
1023 411 1105 456 267,
1122 411 1203 456 271,
1222 411 1302 455 275,
1319 410 1401 456 298,
1419 411 1500 457 503,
1519 411 1646 458 (530),
1700 415 1714 454 1¹}

93 468 175 513 546,
194 467 275 512 578,
295 467 375 513 656,
394 467 474 511 675,
494 465 607 514 (693),
626 466 707 511 807,
722 466 803 512 813,
818 467 932 514 (818),
946 467 1028 513 868,
1042 467 1123 510 926,
1139 467 1275 516 (1028),
1291 467 1394 513 1102,
1410 467 1512 515 1136,
1529 468 1631 515 1200,
1653 499 1659 503 .

96 525 199 571 1311,
221 524 323 571 1331,
345 524 446 560 1360.
491 524 530 571 b)
557 524 603 559 ad
625 536 814 560 numerum
835 524 1025 572 pluralem:
1053 525 1167 573 (231),
1185 525 1266 572 245,
1284 525 1398 573 (249),
1417 524 1531 572 (253),
1548 524 1637 571 299,

93 582 175 624 495,
194 582 308 629 (530),
327 581 408 626 684,
427 581 541 628 (693),
564 581 643 626 773,
663 581 776 628 (818),
797 582 934 629 (1141),
953 582 1091 630 (1181).
1130 583 1177 617 ΙΙ.
1196 594 1392 630 pronomen
1417 587 1471 617 est
1494 583 1631 629 primae

93 645 156 675 aut
173 639 318 675 alterius
336 650 519 686 personae.
554 638 710 673 refertur
732 638 781 685 A)
800 638 847 674 ad
865 638 1065 674 subiectum
1089 639 1248 675 eiusdem
1271 639 1453 684 enuntiati,
1478 640 1631 686 positum
1707 644 1714 676 ἵ.

94 698 131 743 a)
156 710 220 744 pro
245 695 339 743 ἐμοίι
367 696 481 743 (253),
507 696 666 742 *(1236),
710 696 750 742 b)
776 709 840 743 pro
865 698 963 744 mv:
991 696 1105 744 (838),
1125 697 1205 741 889,
1231 697 1332 741 1209,
1358 696 1460 732 1264.
1503 697 1550 744 B)
1583 698 1630 732 ad

94 754 191 788 aliud
217 765 356 795 nomen,
383 755 537 799 positum
562 752 598 798 a)
625 765 690 799 pro
715 754 813 800 ἦμῖνε
841 752 956 800 (761),
975 753 1056 788 936.
1083 753 1123 801 b)
1150 766 1213 801 pro
1238 755 1332 800 ὑμῖνι
1359 753 1517 801 *(1236),

209 809 423 855 Generibus,
454 822 544 856 quae
575 810 666 844 notis
696 809 714 844 Ι
736 810 770 845 A
801 815 836 845 et
860 810 897 845 II
920 811 952 845 A
980 811 1268 857 significavimus,
1296 811 1496 846 continetur
1519 811 1629 846 abun-

95 868 216 903 dantia
248 868 308 902 illa
341 867 568 913 pronominis,
603 867 648 901 de
683 879 753 912 qua
778 867 1008 902 Hermannus
1038 880 1072 913 p.
1098 868 1167 902 795
1185 880 1236 914 sq.
1263 868 1375 903 verba
1400 869 1495 903 facit.
1546 880 1629 902 non—

93 936 288 971 numquam
324 925 417 958 enim
450 920 484 959 οἱ
518 923 625 969 plane
662 923 883 970 superfluum
913 929 976 970 est,
1012 925 1061 959 ita
1094 930 1132 959 ut
1166 928 1306 972 saepius
1339 925 1432 959 verti
1465 930 1628 972 nequeat.

93 982 189 1017 unde
215 981 479 1017 Herwerdenus
506 981 638 1016 Mnem.
656 993 690 1016 n.
710 994 736 1016 e.
758 980 868 1016 XIIII
892 980 940 1016 20
964 981 1055 1016 adeo
1080 981 1118 1017 id
1146 993 1339 1028 pronomen
1364 994 1428 1028 pro
1456 982 1630 1028 particula

94 1039 310 1074 affirmativa
335 1039 499 1085 usurpari
527 1037 719 1072 contendit.
795 1078 802 1085 “

209 1096 327 1141 Quam
345 1109 421 1132 rem
447 1102 485 1131 ut
510 1096 741 1143 explicemus,
767 1095 1067 1143 proficiscendum
1092 1096 1194 1132 nobis
1220 1102 1274 1131 est
1299 1096 1344 1132 ab
1370 1097 1412 1132 iis
1430 1097 1531 1142 locis,
1558 1098 1630 1144 qui-

93 1155 162 1190 bus
188 1154 361 1189 vertendo
388 1156 460 1189 vim
491 1155 707 1200 pronominis
732 1153 880 1199 adsequi
906 1166 1109 1199 possumus:
1140 1154 1211 1188 533
1240 1151 1275 1190 οἶ
1304 1152 1365 1202 ἧκε
1394 1159 1503 1201 χερῶν
1533 1155 1629 1201 οἰήια

94 1212 191 1257 (liess
222 1211 297 1246 sich
329 1211 539 1256 entgleiten3
575 1211 619 1245 cf.
644 1210 725 1255 589,
750 1210 869 1257 1272),
901 1209 971 1244 889
996 1207 1032 1246 οἱ
1058 1210 1267 1259 ἐμηδόμεθα
1293 1210 1495 1258 (nobiscum
1520 1213 1630 1246 consi-

94 1269 337 1315 derabamus),
369 1268 437 1303 927
464 1265 499 1304 οἳ
525 1268 753 1315 ἀμφιδοκεύει
780 1267 863 1315 (sibi
890 1267 1073 1314 custodit),
1107 1268 1198 1303 1026
1224 1265 1259 1304 οἳ
1283 1266 1399 1314 ἔπειγε
1427 1268 1512 1316 (sibi
1536 1269 1629 1304 festi-

93 1327 220 1373 navit),
255 1326 343 1359 1277
375 1322 410 1361 οἱ
441 1325 587 1374 δήρισαν
617 1325 725 1371 (inter
755 1337 792 1359 se
819 1325 1027 1371 certarunt),
1057 1324 1149 1359 1352
1178 1321 1214 1360 οὶ
1237 1327 1300 1360 οὐκ
1323 1325 1380 1361 εἴα
1403 1324 1552 1371 λιμένων
1576 1322 1630 1360 ἓν·

92 1384 225 1420 τόσθεν
259 1379 405 1419 ἱκέσθαι
440 1382 524 1429 (sibi
555 1394 681 1429 passus
706 1394 776 1418 non
803 1382 884 1427 est).
935 1381 1012 1417 aliis
1043 1381 1130 1417 locis
1162 1386 1257 1417 certe
1288 1381 1399 1417 dativi
1430 1383 1503 1417 vim
1532 1381 1629 1418 illam

94 1441 286 1484 ethicam¹)
312 1441 443 1474 sentire
466 1451 664 1486 possumus,
688 1440 752 1474 sed
775 1439 883 1474 latine
906 1439 965 1473 vel
987 1439 1180 1473 vernacule
1203 1440 1405 1485 exprimere
1427 1441 1629 1485 nequimus:

95 1497 163 1532 173
187 1496 247 1533 καί
260 1493 309 1533 ὀἱ
333 1497 532 1542 ἀνατλῆναι,
560 1496 630 1531 270
655 1493 690 1532 οἱ
714 1495 920 1543 ἐπειγομένη
947 1495 1008 1543 (de
1033 1496 1134 1540 navi3
1160 1495 1205 1530 de
1223 1495 1349 1531 eadem
1368 1496 1437 1531 734
1460 1493 1495 1533 οἱ
1511 1498 1631 1544 παρά·

91 1561 211 1602 μειψε,
246 1554 338 1589 1292
359 1551 403 1590 ὀἱ
433 1553 558 1601 ἵκανε),
589 1553 658 1588 296
690 1550 724 1590 οἱ
748 1554 826 1602 ᾔδη,
856 1553 926 1589 526
958 1550 994 1589 οὶ
1018 1554 1155 1589 Μινύαι
1184 1553 1355 1589 ἐντόσθεν
1384 1551 1514 1602 ἔβησαν
1537 1555 1629 1603 νηός,

92 1612 162 1646 816
187 1609 222 1647 οἱ
247 1612 481 1658 ἀγαλλόμενος
506 1612 697 1658 πεφόρητο,
726 1611 818 1645 1035
844 1607 879 1647 οἱ
904 1612 982 1646 οὔτι
1006 1611 1122 1646 λάθον
1139 1609 1219 1654 Διά,
1248 1609 1338 1645 1209
1361 1607 1395 1647 οἳ
1420 1611 1631 1657 αἰγιαλοῒσιν

91 1667 292 1715 ἐκέλσαμεν,
322 1668 416 1703 1264
440 1665 475 1704 οἳ
499 1667 705 1714 ἐπέσχομεν,
735 1667 827 1702 1282
851 1670 915 1711 τάς
938 1664 973 1703 οἱ
997 1668 1179 1715 ὀνόμηναν.

145 1720 152 1722 8
206 1727 317 1761 Pauci
365 1731 447 1761 sunt
491 1726 576 1772 loci,
623 1726 751 1772 quibus
792 1727 846 1761 vis
889 1726 999 1760 dativi
1045 1725 1263 1771 pronominis
1302 1727 1447 1772 propria
1487 1738 1630 1773 prorsus

92 1785 279 1820 evanuisse
318 1783 473 1819 videtur:
512 1783 582 1819 394
619 1782 679 1820 καί
711 1780 745 1820 οἱ
778 1782 976 1830 κεκλιμένος
1002 1812 1010 1819 .
1039 1811 1046 1818 .
1071 1786 1177 1827 κεῖτο,
1211 1781 1280 1818 836
1315 1782 1396 1820 οὐδέ
1426 1782 1463 1819 τί
1495 1780 1531 1820 οἱ
1562 1784 1629 1820 νώ-

90 1855 211 1888 νυμνοι
236 1841 317 1888 ἐμοὶ
349 1840 482 1890 ἐρίηρες
514 1841 649 1888 ἑταῖροι
680 1841 741 1888 (cf.
761 1854 794 1876 v.
814 1841 911 1888 838),
949 1840 1040 1876 1256
1072 1844 1137 1889 νῆα
1167 1838 1200 1876 δ’
1222 1837 1277 1888 ἄρ’
1306 1842 1436 1877 αὐτόθι
1465 1838 1501 1877 οἱ
1529 1840 1630 1878 κατέ·

91 1913 151 1944 χεν
174 1900 265 1946 ῥόος.

208 2033 229 2068 ’)
251 2033 295 2061 Cf.
310 2033 348 2061 H.
363 2033 607 2060 Huebschmanni
627 2033 717 2061 verba
737 2033 810 2070 (Zur
830 2032 1015 2061 Casuslehre.
1036 2032 1171 2060 Monaeh.
1189 2033 1270 2067 1875,
1291 2042 1318 2069 p.
1334 2032 1396 2068 71):
1423 2033 1527 2061 ‘Recht
1547 2032 1629 2061 deut-

90 2081 151 2109 lich
177 2082 242 2109 tritt
267 2082 319 2109 das
344 2082 454 2109 Wesen
480 2082 531 2109 des
557 2082 663 2109 Dativs
688 2082 719 2108 in
750 2082 815 2109 dem
846 2084 1052 2118 sogenannten
1077 2081 1202 2108 Dativus
1232 2080 1346 2109 ethicus
1374 2081 1488 2109 hervor.
1528 2082 1630 2110 Durch

91 2130 192 2157 diesen
222 2130 295 2157 wird
319 2138 395 2166 ganz
421 2129 581 2165 allgemein
606 2131 673 2157 eine
693 2130 867 2166 Beziehung
897 2129 948 2156 des
968 2129 1099 2156 Nomens
1131 2137 1197 2156 zum
1218 2129 1305 2157 Satze
1325 2129 1551 2166 ausgedruech,
1580 2130 1629 2158 die

90 2177 230 2214 specielle
244 2178 393 2213 Fiirbung,
414 2178 462 2204 die
476 2185 508 2204 er
522 2178 561 2204 im
576 2177 759 2205 besonderen
773 2177 860 2205 Falle
881 2177 1005 2211 erhaelt,
1026 2177 1089 2213 gibt
1108 2176 1168 2203 ihm
1182 2176 1274 2204 allein
1287 2177 1339 2205 der
1352 2178 1628 2215 Zusammeuhang!

91 2229 221 2253 ceterum
246 2226 422 2262 pronomina
446 2226 552 2253 tertiae
577 2233 720 2261 personae
744 2234 762 2252 a
787 2225 999 2252 vetustioribus
1025 2225 1121 2260 poetis
1144 2226 1290 2252 rarissime
1310 2226 1352 2253 ita
1371 2226 1515 2261 usurpari,
1540 2229 1574 2253 ut
1598 2234 1630 2254 re

90 2281 161 2301 vera
181 2273 219 2301 ad
239 2274 372 2300 dativum
394 2273 445 2308 qui
466 2276 590 2300 vocatur
610 2273 741 2300 ethicum
762 2273 865 2300 referri
884 2272 1007 2310 possint,
1027 2272 1106 2299 haud
1124 2273 1243 2308 ignor03
1262 2273 1313 2300 sed
1333 2282 1400 2300 cum
1420 2274 1497 2301 inter
1515 2273 1630 2301 dativus

90 2321 235 2348 commodi
261 2321 414 2348 relationis
440 2320 570 2348 ethicum
597 2321 669 2351 certi
694 2320 768 2347 fines
793 2320 933 2347 constitui
958 2329 1018 2347 non
1043 2320 1165 2355 possint,
1195 2320 1270 2348 haec
1294 2321 1352 2348 tria
1375 2329 1486 2357 genera
1509 2321 1629 2349 nomine

90 2368 184 2395 dativi
205 2369 294 2395 ethici
315 2368 565 2404 comprehendere
586 2368 673 2395 malo.
