1714 2583
191 63 326 105 Restat,
353 69 392 97 ut
416 62 549 98 addam
576 63 786 109 particulam
813 62 907 111 ὄφρα
933 75 1199 108 nonnumquam
1217 75 1287 98 non
1312 64 1426 110 primo
1445 39 1587 108 8111111ὶί

77 120 281 154 secundarii
316 120 393 154 loco
428 120 515 166 legi:
561 119 642 164 290,
676 119 758 165 449,
794 119 889 165 quod
922 120 1020 166 apud
1054 119 1140 154 alios
1171 131 1311 166 quoque
1343 121 1526 156 invenitur
1555 121 1585 169 (

77 176 194 224 Apoll.
222 176 259 212 11
275 176 358 224 470,
385 176 473 213 Call.
500 177 655 223 111109,
683 177 805 222 Quint.
832 176 908 213 XII
925 176 1023 224 378).

191 235 269 269 Iam
307 247 398 281 quae
436 235 548 269 fusius
586 247 696 281 supra
733 235 884 281 exposui
919 234 1076 270 breviter
1114 234 1372 281 comprehensa
1409 246 1618 281 proponam.
1652 234 1701 263 ”532

76 296 294 338 usurpantur
319 292 355 326 in
381 292 572 327 enuntiatis
602 291 769 326 finalibus
799 291 846 326 ab
873 291 1196 337 Argonauticorum
1222 291 1395 338 scriptore
1421 292 1620 338 particulae
1652 311 1655 313 ·

77 348 181 396 ὄφρα,
213 348 282 392 ἵνα,
309 348 401 396 ὡς.1)
451 355 531 396 post
555 354 697 395 tempus
722 349 931 395 primarium
957 349 1101 396 ponitur
1127 349 1375 384 coniunctivus
1400 349 1534 394 aoristi,
1560 349 1621 396 qui

77 410 157 451 post
181 406 414 451 praeteritum
440 418 582 452 quoque
607 406 818 450 admittitur,
854 417 1071 452 quamquam
1098 406 1240 452 saepius
1266 406 1446 452 optativus
1479 405 1621 452 legitur,

78 463 134 497 cui
168 462 265 497 haud
298 475 378 497 raro
412 462 595 498 adduntur
628 462 826 509 particulae
861 475 920 498 κεν
953 462 1012 498 vel
1044 462 1086 498 ἄν
1116 474 1198 497 cum
1229 463 1454 497 coniunctivo
1481 474 1622 510 quoque

77 519 254 554 interdum
283 521 505 555 coniunctae.
556 521 780 555 enuntiatum
804 521 1015 566 primarium
1041 532 1181 567 semper
1205 520 1397 555 antecedit.

347 687 417 717 111.
450 686 506 716 De
531 686 734 717 enuntiatis
758 686 1030 723 temporalibus
1055 688 1093 716 et
1117 681 1373 729 causalibus.²)

192 814 353 849 Indicem
380 815 638 861 particularum
664 815 912 861 temporalium
931 815 1033 850 simili
1058 815 1163 850 modo
1189 826 1386 860 proponam
1402 819 1510 865 atque
1536 814 1621 849 fina-

81 871 178 908 lium.
228 872 336 917 locos,
372 872 433 908 ubi
464 869 541 909 ἀλλ’
566 871 625 909 ὅτε
651 873 694 921 δή
719 872 860 919 legitur,
886 873 1057 908 asterisco
1083 872 1303 918 significabo,
1330 869 1405 908 ἀλλ’
1422 872 1481 908 ὅτε
1508 873 1625 907 crucis

81 930 182 974 signo
208 929 359 964 adiecto.

85 1072 272 1107 Conjunctiv,
294 1073 392 1099 indem
414 1081 446 1100 er
465 1076 625 1108 ausgesagt
646 1073 726 1106 wird,
753 1073 830 1100 ohne
850 1073 894 1099 als
915 1073 1002 1100 Glied
1023 1074 1105 1099 einer
1125 1081 1176 1099 zur
1197 1072 1438 1108 Vergangenheit
1458 1072 1621 1108 gehssrigen

80 1120 272 1156 Vorstellung·
286 1121 460 1147 bezeichnet
480 1129 517 1147 zu
538 1121 691 1155 werden'):
714 1120 788 1147 ‘Wir
808 1120 904 1147 haben
924 1120 1017 1147 damit
1037 1120 1173 1156 zugleich
1194 1120 1251 1147 den
1272 1120 1455 1147 einfachsten
1474 1120 1623 1148 Schliissel

84 1177 136 1194 zur
161 1169 394 1204 Beantwortung
423 1169 475 1195 der
500 1169 597 1204 Frage
625 1168 785 1204 gefunden,
811 1169 910 1196 woher
935 1176 966 1196 es
990 1168 1113 1202 kommt,
1141 1168 1207 1195 dass
1233 1169 1281 1195 die
1307 1168 1463 1195 einzelnen
1490 1168 1622 1195 Antoren

84 1216 154 1242 bald
174 1217 284 1249 diesen,
308 1216 377 1243 bald
394 1217 487 1251 jenen
509 1217 613 1242 Modus
634 1217 835 1251 bevorzugen:
853 1217 885 1251 je
905 1216 981 1243 nach
1002 1217 1080 1242 ihrer
1100 1216 1317 1243 individuellen
1337 1215 1477 1243 Vorliebe
1498 1216 1622 1243 machon

81 1263 233 1290 dieselben
260 1273 317 1290 von
344 1264 410 1290 dem
437 1265 525 1291 einen
551 1263 621 1291 oder
646 1264 776 1291 anderen
801 1260 1063 1297 Modusausdrucl}
1081 1263 1252 1299 hiiufigeren
1278 1263 1444 1291 Gebrauch'
1475 1267 1505 1290 et
1530 1263 1623 1290 Κωθ-

80 1321 182 1348 gerum
203 1321 326 1348 gramm.
346 1321 442 1348 graec.
464 1312 478 1339 1
499 1314 544 1346 54,
566 1313 592 1346 8,
612 1313 629 1339 2
655 1312 729 1339 haec
750 1312 912 1339 dicentem:
946 1312 1096 1339 ‘Vorliebe
1119 1312 1166 1338 fiir
1191 1312 1239 1339 die
1264 1312 1411 1347 objective
1431 1311 1624 1339 Redeweise'.

198 1371 218 1404 ¹)
240 1370 359 1398 Sitzleri
380 1370 560 1403 coniectura,
581 1370 632 1405 qui
647 1377 748 1396 versus
769 1369 838 1396 inde
852 1377 878 1396 a.
895 1370 978 1402 1316,
998 1377 1036 1396 ne
1057 1369 1165 1396 lacuna
1179 1369 1337 1396 statuenda
1356 1370 1394 1396 sit
1413 1371 1480 1405 post
1492 1377 1520 1396 v.
1537 1369 1620 1403 1317,
1651 1385 1654 1388 Δ

83 1419 125 1444 sic
151 1419 239 1445 scribi
264 1418 330 1444 vult
363 1417 411 1452 (cf.
433 1425 589 1444 censuram
616 1417 753 1443 editionis
779 1417 943 1443 Abelianae
970 1418 1001 1443 in
1027 1417 1126 1444 ‘Neue
1151 1417 1254 1452 philol.
1280 1416 1471 1443 Rundschau'
1498 1424 1523 1442 a.
1548 1416 1620 1442 1886

80 1475 106 1500 p.
125 1467 176 1492 161
193 1466 282 1501 sqq.):
304 1464 452 1495 Ἀλκίνοος
471 1465 531 1501 μέν
545 1463 570 1501 ῥ’
583 1459 632 1492 ὦκ’
648 1463 819 1492 ἐπετέλλετο
840 1464 998 1501 κηρύκεσσι
1015 1465 1020 1499 1
1037 1464 1149 1501 κούρην
1163 1464 1359 1502 ἀμφήριστον
1373 1464 1461 1500 ἄγειν
1481 1463 1536 1491 ἐπὶ.
1551 1463 1623 1499 νηὸς

81 1513 212 1549 ἐρυμνῆς
235 1513 239 1547 Ι
266 1511 397 1549 πατρίδ’,
419 1513 514 1542 ὅπως
535 1514 624 1539 τίσειε
646 1511 733 1546 δίκην
754 1511 1006 1548 ἀλιτημοσυνάων
1027 1512 1122 1546 (codd.
1137 1512 1197 1539 ἀπὸ
1218 1512 1290 1546 νηὸς
1310 1510 1440 1548 ἐρυμνῆς
1457 1512 1462 1547 Ι
1479 1511 1570 1548 πατρὶ
1589 1509 1621 1538 θ’

83 1559 133 1596 ἑῷ)
154 1560 270 1596 probari
292 1568 351 1586 non
372 1562 485 1595 potest;
516 1567 593 1592 nam,
618 1562 652 1586 ut
672 1560 804 1586 omittam
826 1559 971 1586 rationem
992 1558 1267 1595 palaeographicam
1288 1561 1318 1586 et
1338 1559 1441 1586 duram
1462 1558 1619 1588 verborum

1651 194 1653 197 ’
1660 185 1701 241 ⁷²³3ssss

1671 251 1714 295 ,ιέ

1681 295 1714 335 51

1691 495 1714 533 ¹.

81 1612 269 1642 structuram,
290 1607 432 1634 Alcinous
447 1608 506 1641 vix,
527 1607 583 1634 etsi
603 1615 764 1642 praecones
785 1607 816 1633 111
830 1616 858 1634 v.
875 1608 949 1634 1316
970 1607 1088 1634 eosdem
1110 1615 1174 1634 esse
1195 1609 1285 1643 atque
1305 1607 1336 1634 in
1357 1616 1385 1635 v.
1401 1607 1473 1634 1307
1495 1606 1620 1634 Sitzlero
1671 1615 1675 1618 ’
1711 1601 1713 1604 ’

81 1656 281 1689 concedimus,
301 1663 361 1690 qua
381 1655 417 1682 de
437 1662 470 1681 re
490 1662 562 1681 sane
576 1654 710 1681 dubitare
731 1654 811 1688 licet,
831 1655 990 1690 imperasse
1011 1654 1070 1681 dici
1091 1657 1187 1690 potest
1207 1654 1410 1690 praeconibus,
1431 1657 1465 1681 ut
1484 1654 1620 1681 Medeam

81 1704 113 1729 in
134 1703 259 1738 patriam
280 1702 465 1729 reducerent.

196 1750 218 1786 ²)
241 1750 284 1778 Of.
300 1750 332 1777 F.
347 1750 512 1786 Thuemen,
533 1750 578 1777 De
592 1749 683 1777 locut.
697 1753 819 1786 tempor.
835 1758 891 1777 usu
911 1749 989 1777 hom.
1004 1749 1100 1777 Berol.
1121 1750 1203 1785 1866,
1228 1749 1263 1778 G.
1283 1749 1427 1784 Dietrich,
1448 1750 1495 1778 De
1515 1752 1619 1778 81111111.

40 1803 42 1805 ’
80 1803 202 1834 tempor.
224 1799 300 1825 hom.
329 1806 364 1825 ex
390 1798 597 1833 antiquissima
621 1801 769 1824 structura
794 1799 976 1833 paratactica
996 1799 1122 1824 transitu
1146 1798 1177 1824 in
1198 1797 1424 1832 hypotacticam.
1445 1798 1531 1824 Halis
1551 1797 1618 1825 Sax.

82 1847 163 1879 1885,
197 1846 229 1873 C.
251 1846 367 1878 Preuss,
388 1846 433 1872 De
454 1849 556 1872 enunt.
577 1849 700 1880 tempor.
721 1845 799 1880 apud
820 1848 921 1880 poetas
943 1848 1014 1880 trag.
1037 1845 1165 1872 Graecos
1185 1853 1249 1872 usu.
1271 1844 1524 1880 Gryphiswaldiae
1545 1845 1620 1872 1864

80 1894 169 1928 (quae
190 1893 399 1920 commentatio
420 1892 557 1920 absoluta
577 1901 637 1919 non
658 1892 724 1926 est),
745 1892 779 1919 E.
794 1892 832 1920 H.
848 1892 1067 1926 Friedlaender,
1088 1892 1134 1919 De
1154 1892 1371 1919 coniunctionis
1391 1893 1439 1920 ὅτε
1460 1892 1539 1928 apud
1559 1892 1620 1920 Ho-

80 1949 191 1968 merum
213 1941 243 1967 vi
263 1944 293 1967 et
313 1949 376 1968 usu.
398 1941 495 1968 Berol.
520 1942 602 1975 1860,
624 1941 656 1968 A.
672 1940 878 1976 Capellmann,
899 1940 1031 1968 Schedae
1051 1941 1199 1968 Homeric.
1222 1940 1388 1968 Confluent.
1406 1941 1479 1968 1850
1500 1940 1582 1976 (inde
1601 1948 1620 1968 a

80 1998 106 2023 p.
130 1990 163 2015 13
189 1989 225 2015 de
250 1988 396 2023 particula
416 1983 483 2016 εὖτε
503 1989 623 2024 agitur),
664 1989 687 2015 1.
702 1988 811 2022 Sturm,
833 1988 1012 2015 Geschichtl.
1034 1988 1193 2015 Entwiekl.
1215 1988 1266 2015 der
1286 1988 1452 2015 Construct.
1473 1989 1528 2015 mit
1542 1988 1620 2026 ,πρίν

79 2036 215 2070 (Schanz,
237 2036 326 2064 Beitr.
348 2045 373 2064 z.
393 2036 459 2063 hist.
481 2035 593 2071 Syntax
613 2036 639 2063 d.
661 2036 771 2072 griech.
793 2035 922 2072 Sprache
941 2035 980 2071 3).
997 2035 1150 2071 Herbipol.
1167 2036 1248 2069 1882,
1269 2035 1303 2063 Ε.
1318 2035 1436 2070 Pfudel,
1457 2036 1547 2063 Beitr.
1568 2043 1621 2062 zur

80 2084 193 2119 Syntax
218 2084 269 2110 der
289 2083 480 2111 Causalsiitze
506 2084 554 2111 bei
574 2084 694 2111 Homer.
735 2093 831 2120 progr.
853 2084 986 2119 Liegnic.
1005 2084 1086 2117 1871,
1116 2084 1137 2111 Ι.
1159 2084 1267 2119 zyeha‚
1289 2083 1444 2111 Gebrauch
1466 2093 1524 2111 von
1545 2082 1619 2111 ἐπεί.

79 2131 228 2158 Μ81818111,
246 2131 371 2158 Vindob.
393 2131 451 2158 VII
470 2141 498 2166 p.
514 2132 550 2158 82
564 2140 628 2166 sqq.
