1734 2492
0 20 105 88 ''t,
121 17 371 86 usurparetur,
397 37 507 73 veluti
531 37 570 80 ὅς
594 48 658 83 pro
684 38 790 81 ὅστις,
815 31 890 81 οἷος
914 49 977 84 pro
1002 37 1130 81 ὁποῖος
1154 50 1183 73 e.
1203 50 1229 73 S.
1273 50 1379 84 quam
1396 38 1443 74 ad
1460 50 1537 74 rem

0 95 273 139 ''fdidioandam
298 94 428 140 singuli
453 94 666 140 scriptorum
691 94 760 128 loci
786 95 1015 129 examinandi
1041 100 1132 129 sunt.

118 153 336 199 Incipiamus
360 151 468 197 igitur
492 150 538 186 ab
565 150 719 185 Homero
745 155 781 186 et
805 152 943 186 omissis
968 151 1065 196 locis,
1101 151 1228 199 quibus
1255 153 1536 189 condicionalem

7 213 124 260 potius
149 221 292 245 sensum
315 207 504 243 relativum
529 207 690 254 praebet,
715 213 755 242 ut
778 208 994 255 respondeat
1018 208 1140 244 latino:
1168 211 1207 243 ‘si
1225 211 1313 255 quis,
1341 211 1416 245 sive
1434 210 1535 256 quis',

0 270 116 306 >veluti
141 270 173 303 B
196 265 276 308 365,
307 268 343 300 Ψ
364 265 445 307 498,
473 279 494 310 χ
518 265 613 312 66¹),
644 270 679 299 et
708 265 785 300 loco
818 268 850 301 Y
869 265 913 300 21
942 263 1065 313 (ἔγνως
1087 267 1173 314 ἐμὴν
1195 267 1333 315 βουλήν,
1364 264 1412 303 ὧν
1436 266 1536 303 ἕνεκα

6 324 214 373 ξυνάγειρα),
239 323 302 359 ubi
326 323 472 370 pluralis
497 324 713 369 pronominis
738 323 877 358 relativi
903 324 1163 359 constructione
1189 325 1234 359 ad
1260 337 1403 359 sensum
1428 336 1535 371 quam

6 387 138 419 vocant
162 380 399 427 explicandus
425 392 503 414 esse
529 379 681 425 videtur,
709 379 973 415 consideremus
998 380 1097 415 talia:

143 460 172 494 θ
198 461 264 492 576
290 452 369 492 ἀλλ’
386 456 447 502 ἄγε
471 469 534 502 μοι
558 456 639 492 τόδε
663 455 744 491 εἰπὲ
767 455 827 491 καὶ
851 455 1020 503 ἀτρεκέως
1044 456 1241 502 κατάλεξον,

288 514 390 562 ὅππῃ
415 513 676 560 ἀπεπλάγχθης
698 526 736 548 τε
761 512 822 548 καὶ
845 514 888 555 ἅς
911 526 1008 556 τινας
1031 513 1106 548 ἵκεο
1130 516 1242 560 χώρας

288 571 499 617 ἀνθρώπων,
526 572 651 613 αὐτούς
674 582 712 605 τε
736 569 866 612 πόλιάς
889 567 921 605 τ’
938 567 976 605 εὖ
1000 571 1212 613 ναιετοώσας

288 628 374 676 ἠμὲν
398 627 478 664 ὅσοι
503 626 654 672 χαλεποί
677 640 715 662 τε
739 626 799 663 καὶ
822 627 939 674 ἄγριοι
964 627 1045 663 οὐδὲ
1071 626 1211 671 δίκαιοι,

288 685 326 720 οἳ
347 699 385 720 τε
411 685 605 732 φιλόξεινοι
629 683 689 719 καί
712 696 776 731 σφι
801 685 880 726 νόος
904 683 981 719 ἐστὶ
1005 684 1165 732 θεουδής.

6 767 152 810 propter
181 760 353 806 membra,
388 773 479 808 quae
504 760 736 808 praecedunt,
771 759 920 795 dubium
945 772 1015 794 non
1042 772 1118 794 esse
1145 760 1297 804 videtur,
1329 762 1413 806 quin
1437 762 1474 797 οἳ
1497 775 1535 797 τε

5 831 110 854 sensu
135 819 387 864 interrogativo
413 818 662 864 accipiendum
689 819 743 852 sit.
787 817 882 863 quod
907 822 1026 852 autem
1052 817 1228 851 Ameisius
1259 817 1396 852 confert
1420 831 1441 852 τ
1466 818 1534 852 219

3 874 85 911 εἰπέ
115 888 188 922 μοι,
222 872 326 911 ὁποῖ’
343 875 438 911 ἄσσα
456 903 464 911 .
483 903 491 911 .
509 875 638 922 εἵματα
663 873 755 919 ἕστο,
789 875 894 918 αὐτός
920 871 960 910 θ’
976 868 1053 917 οἷος
1077 871 1135 922 ἔην
1159 873 1220 910 καὶ
1244 874 1412 922 ἑταίρους,
1441 876 1478 911 οἵ
1500 873 1535 912 οἱ

4 932 143 977 ἕποντο,
178 945 284 979 quem
317 932 435 968 locum
468 933 617 968 fortasse
650 945 718 967 usu
752 933 1007 978 interrogativo
1045 928 1299 978 explicandum
1329 944 1405 966 esse
1437 932 1534 967 Win-

5 989 161 1024 dischius
187 989 225 1036 (l.
245 1001 274 1023 c.
292 1001 328 1035 p.
347 989 415 1023 211
441 1002 476 1024 11.
495 990 533 1036 3)
568 989 743 1034 concedit,
777 1000 843 1034 ego
868 989 964 1024 hunc
990 990 1039 1023 sic
1068 993 1185 1023 verto:
1220 991 1267 1023 ‘et
1300 988 1357 1023 dic
1391 990 1533 1031 amieos,

5 1047 64 1092 qui
90 1057 170 1081 eum
196 1047 309 1081 secuti
334 1046 438 1082 sunt!
489 1047 539 1081 sic
570 1047 665 1082 enim
690 1046 811 1081 Latini
842 1058 982 1093 quoque
1008 1045 1128 1080 dicere
1153 1052 1316 1092 possunt3
1348 1047 1391 1080 cf.
1418 1058 1534 1080 exem-

3 1102 101 1148 plum
126 1115 148 1137 a
172 1102 366 1138 Kuehnero
391 1103 553 1138 allatum:
579 1103 652 1138 Cic.
672 1103 747 1138 Oat.
767 1103 816 1137 M.
834 1103 868 1146 4,
889 1102 933 1136 12
958 1102 1056 1136 ‘nihil
1081 1102 1325 1137 admirabilius
1351 1108 1404 1136 est
1429 1115 1535 1148 quam

3 1170 72 1204 quo
92 1158 196 1193 modo
221 1164 370 1194 mortem
397 1159 459 1194 filii
483 1159 573 1194 tulit'
599 1160 621 1194 i.
639 1171 669 1194 e.
688 1171 796 1206 quam
821 1158 947 1193 modus
973 1171 1042 1205 quo
1067 1158 1156 1193 tulit.
1185 1164 1220 1193 et
1246 1159 1353 1205 Verg.
1373 1159 1462 1193 Aen.
1486 1159 1535 1194 VI

2 1214 73 1250 614
90 1217 145 1251 ‘ne
159 1227 290 1262 quaere
305 1216 437 1261 doceri,
454 1216 458 1264 Ῑ
474 1229 581 1263 quam
594 1229 745 1264 poenam
758 1221 820 1251 aut
833 1228 924 1262 quae
941 1216 1056 1250 forma
1071 1217 1167 1250 viros
1184 1216 1371 1250 fortunave
1389 1217 1533 1251 mersit'.

85 1294 122 1327 N
147 1292 252 1340 278²)
391 1291 483 1329 ἔνθα
508 1290 652 1340 μάλιστ’
668 1295 772 1340 ἀρετὴ
798 1291 993 1329 διαείδεται
1018 1293 1160 1339 ἀνδρῶν,

276 1347 355 1390 ἔνθ’
372 1351 395 1386 δ’
416 1364 454 1386 τε
480 1351 593 1394 δειλὸς
617 1352 712 1399 ἀνήρ,
738 1349 776 1393 ὅς
800 1347 833 1385 τ’
850 1350 997 1396 ἄλκιμος
1020 1349 1233 1398 ἐξεφαάνθη.

124 1408 156 1441 Φ
183 1412 249 1441 609
279 1407 338 1454 (οὐ
363 1404 396 1444 δ’
413 1409 481 1455 ἄρα
500 1436 507 1443 .
527 1435 535 1443 .
554 1406 671 1454 ἔτλαν)
698 1409 879 1454 γνώμεναι,
906 1407 945 1450 ὃς
968 1420 1006 1442 τε
1031 1409 1198 1455 πεφεύγοι

275 1465 315 1508 ὅς
338 1461 371 1500 τ’
388 1462 490 1501 ἔθαν’
507 1466 544 1500 ἐν
568 1464 729 1513 πολέμῳ
756 1465 802 1499 ef.
821 1477 842 1511 γ
870 1464 947 1510 185,
973 1478 993 1510 ρ
1018 1464 1098 1499 363.

2 1545 221 1583 cognoscunt
241 1540 388 1576 Troiani
412 1546 447 1576 et
473 1553 543 1586 eos,
570 1542 631 1588 qui
655 1546 806 1575 mortem
832 1540 1011 1585 fugerunt,
1037 1544 1072 1573 et
1098 1551 1168 1583 eos,
1195 1540 1254 1585 qui
1280 1540 1408 1575 mortui
1434 1546 1531 1584 sunt3

4 1594 66 1630 sed
93 1597 269 1641 cognituri
295 1603 388 1642 sunt,
415 1599 476 1644 qui
502 1598 658 1643 fugerint
682 1599 814 1644 quique
839 1598 969 1632 mortui
995 1597 1073 1630 sint.
1083 1596 1111 1642 ³)

108 1655 149 1688 H
177 1653 243 1687 171
274 1655 388 1703 κλήρῳ
419 1655 648 1698 πεπάλασθε,
679 1655 718 1696 ὅς
746 1667 784 1689 κε
808 1654 935 1701 λάχῃσι
965 1653 1090 1687 collato
1124 1666 1137 1686 ι
1162 1652 1229 1686 331
1263 1653 1375 1700 κλήρῳ
1412 1666 1532 1689 πεπα-

0 1706 137 1744 λάσθαι
161 1708 304 1756 ἄνωγον,
330 1709 427 1754 ὅστις
451 1711 655 1759 τολμήσειεν
680 1711 732 1745 sic
758 1710 941 1757 explicare
966 1710 1074 1744 malo:
1110 1711 1214 1744 ‘sorte
1241 1709 1444 1753 decernere,
1476 1711 1533 1745 cui

1 1763 172 1810 obtingat'
208 1774 321 1812 quam‘
339 1767 407 1802 hoc
432 1768 536 1803 modo
566 1769 809 1814 interpretari:
836 1769 941 1801 ‘sorte
966 1766 1124 1800 indicare
1151 1778 1242 1810 eum,
1274 1767 1332 1800 cui
1357 1767 1531 1812 obtingit!

149 1854 179 1876 π
205 1847 271 1877 317
299 1840 414 1892 ἀλλ’ἢ
438 1842 496 1879 τοί
520 1855 560 1879 σε
585 1847 747 1889 γυναῖκας
770 1843 838 1889 ἐγὼ
864 1842 1067 1879 δεδάασθαι
1091 1842 1218 1888 ἄνωγα,

296 1899 336 1936 αἵ
358 1899 398 1936 τέ
421 1898 455 1936 σ’
473 1900 686 1948 ἀτιμάζουσι
710 1900 770 1937 καὶ
794 1899 835 1937 αἳ
856 1898 1046 1948 νηλείτιδές
1070 1900 1167 1934 εἰσιν.

114 1995 136 2031 ¹)
168 1996 262 2030 Quem
293 1996 390 2024 locum
417 1997 593 2033 Ebelingius
623 2006 682 2024 non
709 1999 752 2024 ita
778 1997 916 2024 exhibere
942 1997 1080 2024 debebat:
1110 1996 1184 2032 ὑμῖν
1211 1995 1396 2033 παράκειται,
1427 1998 1459 2027 ὃς
1482 2006 1534 2025 κεν

0 2039 103 2080 ἀλύξῃς
123 2051 191 2071 nam
205 2047 276 2080 puto
290 2044 403 2080 aliquid
416 2045 452 2072 ad
466 2053 527 2072 rem
542 2045 657 2072 faciunt
677 2053 753 2081 quae
767 2044 968 2072 intercedunt:
990 2043 1165 2081 παράκειται
1180 2043 1318 2071 ἐναντίον
1332 2043 1363 2078 ἠὲ
1378 2046 1535 2081 μάχεσθαι

0 2084 17 2122 ἢ
36 2088 172 2126 φεύγειν,
193 2092 226 2122 ὅς
245 2101 296 2120 κεν
311 2114 316 2119 .
333 2114 338 2120 .
355 2114 361 2120 .

112 2137 134 2173 ²)
154 2138 332 2176 Ebelingius
352 2140 395 2176 (II
409 2140 465 2167 85·
480 2139 508 2175 c)
530 2140 610 2167 hunc
629 2140 727 2167 locum
748 2149 808 2167 non
828 2139 945 2167 adtulit.

108 2184 132 2219 ³)
159 2186 333 2215 Lammertii
358 2188 617 2223 interpretationes
643 2187 682 2224 (p.
705 2189 752 2222 11)
779 2196 838 2214 non
863 2187 1011 2220 refutabo,
1036 2187 1086 2213 sed
1112 2195 1161 2213 eas
1187 2186 1234 2212 hic
1254 2186 1444 2221 adscripsisse
1463 2190 1534 2214 satis

0 2228 103 2259 luben:
133 2233 204 2260 ‘und
225 2243 262 2261 zu
283 2235 438 2262 erkunden
460 2234 537 2261 “den
559 2235 648 2262 einen
668 2235 730 2261 und
750 2235 807 2261 den
827 2233 968 2267 andern⁷',
994 2233 1045 2260 der
1065 2233 1101 2260 da
1121 2234 1159 2259 ist
1180 2233 1339 2267 entfiohen,
1365 2234 1417 2261 der
1436 2235 1474 2261 da
1493 2236 1534 2262 im

0 2275 121 2314 Kflmpfe
145 2280 296 2316 gefe-Uen&
337 2281 394 2309 ‘Da
418 2282 491 2309 wird
517 2281 652 2309 offenbar
672 2282 725 2310 der
745 2282 811 2309 eine
831 2281 892 2309 und
912 2281 963 2308 der
983 2281 1100 2315 andere,
1125 2280 1177 2307 der
1202 2280 1240 2308 da
1259 2281 1298 2308 ist
1317 2283 1365 2308 ein
1386 2282 1533 2319 Feigling,

0 2321 49 2352 110oe
67 2325 105 2353 da
124 2327 174 2354 ein
193 2328 323 2364 tapferer
342 2329 452 2357 Mann'.

1326 2375 1362 2404 5«
