1734 2492
0 0 149 54 fflt'B
176 1 248 45 192
271 3 311 37 οὗ
335 2 401 47 γάρ
425 12 484 35 πω
509 1 608 46 σάφα
632 0 733 36 οἶσθ’
749 0 825 44 οἶος
847 0 927 43 νόος
943 0 1159 47 Ἀτρείωνος,
1186 2 1219 34 Γ
1239 0 1297 44 53,
1323 1 1354 34 E
1377 0 1458 45 222,
1483 0 1525 34 Η

0 50 72 110 ζῇἵ,
99 54 143 98 ,A
160 50 251 103 7653,
284 60 324 93 N
343 56 424 103 275,
455 56 477 92 δ
502 54 571 91 689
597 55 678 92 οὐδὲ
696 85 704 92 .
724 85 731 93 .
751 85 760 93 .
778 58 918 94 ἀκούετε
936 85 944 93 .
964 86 972 94 .
991 51 1066 102 οἷος
1083 54 1272 101 Ὀδυσσεὺς
1296 54 1386 102 ἔσκε,
1416 69 1437 93 ο
1462 55 1520 102 20,

0 109 20 157 f
35 119 123 165 218,
148 132 168 153 v
192 115 273 161 237,
305 120 339 162 ψ
365 113 449 158 1753
481 127 503 149 κ
527 113 574 148 45
607 115 747 150 θᾶσσον
771 115 945 161 ἰδώμεθα,
979 115 1054 150 ὄπι
1086 112 1166 150 τάδ’
1182 113 1287 158 ἐστιν,
1311 113 1316 160 ι
1338 114 1444 156 ὅσσος
1467 126 1522 156 τις

0 170 114 225 χρυσός
135 187 174 210 τε
197 170 258 208 καὶ
281 172 428 219 ἄργυρος
451 172 547 219 ἀσκῷ
572 167 715 207 ἔνεστιν.
733 170 826 214 adde
843 172 929 207 Hes.
948 171 1082 218 Theog.
1101 172 1168 207 651
1187 173 1400 220 μνησάμενοι
1416 170 1521 219 φιλό-

0 222 245 283 ῄὲῖᾗὼψέῳ,
275 229 366 265 δ’σσα
395 229 577 271 παθόντες
603 227 608 274 Ι
633 228 670 271 ἐς
698 231 790 276 φάος
814 228 999 276 ἀφίκεσθε,
1025 230 1170 265 Pindar.
1189 229 1295 276 Pyth.
1313 228 1350 263 ΙΙ
1376 228 1422 262 72
1445 221 1522 270 οἷος

0 289 68 326 ἐσσὶ
98 290 243 335 μαθών,
278 285 323 319 cf.
346 285 365 319 I
389 285 447 330 47,
481 284 538 318 ΠΙ
562 284 618 326 60,
645 285 756 319 VIIII
783 285 861 329 113,
888 286 996 333 Soph.
1020 286 1104 320 Ant.
1128 285 1198 320 693
1227 284 1308 331 ἐμοὶ
1333 282 1365 320 δ’
1382 285 1521 320 ἀκούειν

0 343 70 393 ἴσθ’
85 346 155 381 ὑπὸ
179 344 307 379 σκότου
331 341 427 386 τάδε,
451 341 539 388 Ι’τὴν
563 341 679 377 παῖδα
703 342 832 390 ταύτην
857 337 905 379 οἷ’
928 343 1087 389 ὀδύρεται
1113 343 1232 386 πόλις;
1259 342 1304 377 cf.
1329 341 1419 377 Oed.
1443 340 1518 377 Col.

0 403 93 439 [013.
142 412 257 446 neque
283 398 381 444 apud
407 398 599 443 scriptores
624 399 806 444 prosaicos
840 399 968 434 desunt
993 400 1159 445 exempla
1182 400 1322 434 relativi
1346 400 1396 433 ita
1420 410 1519 432 usur-

0 459 73 506 pati.
99 455 272 492 Herodoti
299 459 354 489 sat
378 454 507 488 multos
521 454 627 489 locos
653 455 807 489 Steim'us
833 455 974 502 collegit
986 456 1013 503 ¹)
1038 456 1085 491 ad
1111 456 1128 490 I
1145 456 1191 490 56
1216 454 1395 504 ἐφρόντιζε
1419 451 1520 490 ἱστο-

0 514 85 564 Ινέων,
110 517 191 557 τοὺς
214 513 256 548 ἂν
280 512 543 560 προσκτήσαιτο
567 510 701 559 φίλους,
728 524 819 559 quae
844 512 957 548 verba
973 513 1144 548 Kuehner
1161 514 1289 548 mirum
1313 514 1350 547 in
1374 512 1519 548 modum

0 572 160 620 zxplicat:
186 570 398 617 diejenigen,
421 568 567 604 welche.
610 568 760 603 similem
778 570 1053 616 explicationem
1074 570 1170 604 haud
1189 571 1261 604 scio
1282 582 1329 604 an
1351 569 1521 604 adhibeat

0 641 76 675 oco,
102 628 162 675 qui
186 627 315 673 legitur
338 625 396 661 III
420 626 464 660 51
500 622 667 673 ἱστορέων
685 653 692 661 .
712 653 720 661 .
738 628 782 661 τὰ
808 626 974 674 διελέχθη
993 655 1000 662 .
1020 655 1028 662 .
1048 627 1111 661 sed
1143 627 1193 662 ita
1224 626 1384 674 profecto
1409 625 1520 673 expli-

0 676 63 722 Sari
95 685 218 732 nequit
251 683 307 718 VI
333 682 402 717 124
434 682 473 725 ὃς
505 681 625 728 μέντοι
657 681 699 731 ἦν
730 683 751 719 ὁ
782 683 966 728 ἀναδέξας,
998 686 1060 719 οὐκ
1084 681 1153 728 ἔχω
1178 683 1382 730 προσοτέρω
1406 684 1520 719 εἰπεῖν

0 745 132 787 τούτων,
156 741 219 776 ubi
244 740 339 775 nullo
365 745 471 786 pacto
498 740 656 786 suppleri
681 745 799 787 potest
823 745 961 784 τοῦτον,
996 740 1041 775 cf.
1061 741 1133 775 VII
1158 740 1214 784 37,
1236 741 1277 774 11
1304 740 1416 788 εἴρετο
1439 743 1521 783 τοὺς

0 801 126 846 ιάγους,
151 799 193 834 τὸ
217 796 341 834 ἐθέλοι
365 794 575 846 προφαίνειν
599 799 640 834 τὸ
657 799 793 845 φάσμα,
817 797 881 832 ubi
897 797 1002 833 modo
1019 799 1096 845 ipso
1114 798 1282 833 docemur
1300 798 1521 832 enuntiatum

0 864 66 892 {sse
98 855 400 900 interrogativum.
410 854 441 901 2)
483 854 577 889 adde
611 854 656 888 de
689 866 757 889 usu
789 856 888 889 vocis
922 854 1006 897 ὅσος
1029 855 1047 889 Ι
1075 855 1142 889 193
1179 855 1199 901 (
1197 856 1280 890 ὅσον
1312 868 1349 889 τε
1381 853 1521 900 δένδρον
1556 851 1559 854 “

0 912 130 957 νίνεται,
155 911 455 958 ἐξεπιστάμενος),
482 911 554 946 VII
571 911 628 957 60,
655 910 700 946 de
726 905 801 955 οἷος
825 911 897 947 VII
921 911 966 947 10
984 915 1026 956 θ,
1056 912 1134 947 175.
1177 924 1196 946 e
1222 911 1435 958 Thucydide
1460 911 1520 946 ad-

0 971 150 1006 feruntur
165 969 256 1005 haec
273 968 491 1016 exempla³):
521 969 540 1004 I
559 969 638 1016 137,
657 969 680 1003 2
704 968 830 1017 φράζει
852 974 901 1017 τῷ
923 970 1099 1019 ναυκλήρῳ
1125 970 1224 1012 ὅστις
1247 969 1325 1005 ἐστὶ
1348 968 1408 1005 καὶ
1433 967 1481 1005 δι’
1497 970 1521 1005 ἃ

0 1028 119 1076 ρεύγει,
143 1026 205 1062 ubi
231 1027 444 1062 sententiam
468 1027 656 1062 relativam
683 1028 790 1062 statui
814 1039 918 1074 posse
943 1027 1111 1072 arbitror3
1141 1032 1239 1062 recte
1265 1027 1369 1071 enim,
1401 1038 1520 1073 quam-

0 1096 96 1131 1uam
111 1084 303 1120 Polackius
321 1086 535 1120 contrarium
553 1085 745 1130 contendit,
763 1084 936 1120 Kuehner
952 1085 1047 1120 hunc
1064 1085 1182 1120 locum
1200 1085 1370 1132 explicat:
1397 1086 1521 1120 ‘osten-

0 1141 42 1176 iit
67 1142 144 1187 quis
170 1147 263 1176 esset
288 1147 323 1176 et
349 1154 475 1176 causas
501 1141 630 1187 fugae’.
680 1142 776 1177 idem
800 1142 819 1176 I
847 1142 925 1184 136,
942 1143 967 1176 4
992 1142 1095 1190 δηλοῖ
1115 1155 1153 1177 τε
1179 1134 1244 1188 (έο.
1264 1142 1521 1177 Themistocles

0 1197 158 1244 Admeto)
183 1197 222 1242 ὃς
245 1199 323 1235 ἐστι
347 1200 470 1234 vertit:
499 1199 572 1246 ‘qui
598 1199 663 1234 sit'.
707 1199 771 1234 sed
797 1212 879 1235 cum
896 1199 1131 1234 Molossorum
1156 1212 1222 1234 rex
1246 1199 1425 1235 advenam
1450 1211 1520 1234 non

0 1256 153 1300 lovisset,
181 1256 376 1291 dicendum
401 1256 451 1291 illi
477 1261 562 1301 erat,
590 1257 678 1303 quis,
705 1268 776 1292 non
801 1256 915 1303 qualis
942 1262 1035 1291 esset
1066 1256 1128 1303 (cf.
1148 1256 1306 1291 Elmsleii
1331 1262 1450 1291 notam
1476 1257 1521 1291 ad

0 1311 74 1346 Eur.
93 1312 188 1347 Med.
210 1312 329 1360 1086),
356 1313 390 1348 V
407 1313 440 1358 9,
459 1313 482 1347 2
505 1316 566 1361 τὴν
591 1313 630 1349 δὲ
651 1312 878 1362 ἐπιχείρησιν,
905 1311 933 1362 ᾧ
958 1315 1078 1361 τρόπῳ
1098 1314 1303 1360 διανοοῦμαι
1320 1316 1520 1358 ποιεῖσθαι,

0 1368 133 1415 διδάξω,
167 1371 263 1416 quod
297 1370 424 1405 collato
450 1370 632 1405 Ciceronis
657 1370 746 1414 loco,
781 1382 888 1416 quem
922 1383 1031 1417 supra
1063 1371 1292 1413 adduximus,
1327 1372 1412 1405 satis
1441 1371 1521 1405 arti-

0 1425 109 1461 ficiose
135 1438 215 1463 cum
240 1426 436 1463 Kuehnero
461 1427 635 1474 explicari
661 1432 794 1474 potest:
824 1429 958 1475 τρόπον
983 1427 1126 1472 διδάξω,
1152 1425 1180 1476 ᾧ
1206 1428 1412 1474 διανοοῦμαι
1437 1440 1521 1464 ποι-

0 1486 122 1520 εῖσθαι.
165 1485 221 1520 his
245 1485 440 1531 adiungam
464 1486 713 1532 Xenophontis
738 1486 834 1521 locos
860 1485 944 1532 Oyr.
963 1486 1037 1521 IIII
1062 1486 1095 1531 5,
1115 1485 1160 1520 29
1190 1484 1332 1532 σκέψαι,
1359 1485 1422 1533 οἵῳ
1446 1485 1521 1521 ὄντι

0 1539 72 1587 τερὶ
95 1540 136 1577 σέ
159 1536 234 1585 οἷος
257 1542 305 1578 ὢν
330 1542 412 1589 περὶ
444 1543 505 1589 ἐμὲ
539 1541 662 1579 ἔπειτα
695 1556 759 1589 μοι
791 1542 922 1592 μέμφῃ.
965 1543 1028 1588 VI,
1056 1543 1085 1587 l,
1108 1542 1155 1577 46
1184 1541 1317 1588 πέμπει
1348 1544 1437 1589 πρὸς
1460 1544 1521 1577 τὸν

0 1599 105 1645 Κῦρον
128 1598 239 1635 εἰπὼν
263 1599 302 1644 ὃς
326 1599 378 1648 ἦν,
405 1600 539 1637 Oomm.
559 1601 595 1636 II
613 1601 645 1645 6,
660 1600 705 1636 29
730 1603 777 1648 μὴ
802 1601 1031 1648 ἀποκρύπτου
1056 1614 1109 1647 με,
1137 1594 1190 1643 οἷς
1214 1601 1258 1635 ἂν
1281 1600 1428 1645 βούλοιο
1458 1598 1520 1647 φί-

0 1654 51 1697 tog
81 1655 257 1704 γενέσθαι,
291 1659 384 1693 Hist.
411 1671 530 1704 graec.
557 1658 613 1693 III
638 1659 671 1704 2,
690 1658 712 1692 9
745 1660 807 1694 οὐκ
832 1654 941 1703 εἶπεν,
975 1657 1015 1706 ἣν
1048 1656 1121 1703 ἔχοι
1152 1660 1297 1704 γνώμην.
1349 1657 1443 1703 quod
1473 1657 1519 1692 ad

0 1824 87 1853 aeque
100 1819 254 1849 Frenzelio
276 1821 325 1859 (cf.
340 1832 366 1859 p.
382 1823 428 1857 50,
443 1824 488 1857 66,
504 1822 552 1858 69)
574 1822 679 1850 melius
699 1831 746 1851 res
759 1823 855 1851 cessit.
890 1822 926 1850 de
940 1822 1123 1859 singulorum
1137 1821 1267 1849 locorum
1282 1821 1519 1857 herodoteorum,

0 1873 64 1902 {uos
82 1870 211 1905 tangam,
231 1872 477 1907 explicationibus
497 1872 533 1899 ab
554 1872 614 1899 illis
634 1872 755 1907 prolatis
776 1872 883 1908 longus
903 1881 967 1899 esse
986 1872 1063 1898 nolo.

105 1917 126 1951 ¹)
151 1918 166 1943 1
185 1919 231 1952 89,
252 1921 281 1952 1;
307 1920 354 1952 93,
374 1921 418 1951 10,
443 1920 472 1945 11
492 1921 519 1953 2,
540 1921 570 1953 7,
591 1920 636 1953 82,
651 1920 683 1953 2,
706 1921 757 1946 121
772 1921 791 1953 β
813 1921 861 1953 16,
885 1920 947 1953 134,
965 1920 1008 1952 17,
1029 1919 1072 1945 m
1092 1919 1137 1951 50,
1154 1919 1202 1951 12,
1222 1918 1268 1951 68,
1287 1918 1314 1950 2,
1335 1917 1393 1943 1111
1413 1918 1519 1951 53,17‚

0 1960 18 1988 V
38 1962 82 1996 74,
95 1964 122 1998 5,
142 1965 184 1991 VI
203 1966 249 2000 37,
267 1967 314 2001 10,
338 1967 401 2001 129,
417 1968 449 2001 33
471 1967 533 2001 132,
548 1967 575 2002 5,
596 1967 652 1994 VH
672 1967 718 2001 26,
733 1968 765 2001 63
788 1967 851 2001 148,
867 1968 911 2002 10,
932 1966 1003 1994 VIII
1023 1967 1069 2001 26,
1084 1967 1115 2000 43
1135 1966 1180 1999 40,
1200 1966 1226 2000 6,
1248 1964 1334 1992 vml
1354 1965 1400 1999 54,
1419 1965 1451 2000 93
1474 1965 1519 1999 71,

0 2009 36 2036 [2.
69 2013 196 2040 numeris
216 2015 302 2042 tertio
323 2015 388 2042 loco
410 2016 512 2051 positis
533 2015 735 2051 significantur
755 2023 857 2042 versus
877 2015 1015 2042 editionis
1035 2014 1203 2041 Steinianae
1225 2013 1435 2040 commentario
1457 2021 1520 2040 ver-

0 2058 95 2085 iaculo
114 2060 282 2089 instructae.

102 2106 126 2142 ²)
150 2107 233 2141 Quae
258 2111 336 2137 enim
356 2110 529 2137 Schmittius
554 2120 580 2146 p.
603 2111 638 2137 72
663 2110 752 2137 habet
771 2110 808 2137 de
828 2110 960 2146 optativo
981 2117 1017 2136 ex
1037 2109 1198 2136 enuntiatis
1218 2107 1351 2135 relativis
1371 2108 1402 2134 in
1423 2107 1519 2135 decla-

0 2152 83 2184 *ativa
101 2156 252 2191 translato,
272 2158 359 2185 valde
380 2158 469 2185 dubia
489 2161 559 2185 sunt
578 2161 617 2192 et,
637 2161 671 2185 ut
690 2158 726 2185 de
742 2158 868 2185 Homero
889 2157 1018 2191 valeant,
1038 2157 1075 2183 ad
1095 2157 1269 2192 posteriores
1288 2157 1446 2191 scriptores
1460 2164 1519 2182 non

0 2200 143 2233 pertinent.
188 2206 307 2233 omnino
333 2206 430 2233 Schm.
451 2207 654 2242 quaestionem
679 2205 882 2233 difficillimam
906 2206 938 2232 in
963 2208 1131 2232 transcursu
1157 2204 1206 2239 (ef.
1226 2213 1253 2239 p.
1275 2203 1323 2238 14)
1354 2203 1519 2231 diiudicare

0 2253 50 2273 ion
69 2248 193 2278 debebat
212 2253 321 2281 talibus
341 2253 415 2281 locis
434 2253 550 2287 adlatis,
571 2262 644 2289 quos
664 2262 716 2289 pro
737 2262 791 2281 sua
812 2253 935 2289 quisque
955 2252 1104 2279 sententia
1124 2252 1342 2287 interpretatur.

103 2297 126 2332 ³)
146 2298 262 2327 Essenii
281 2301 380 2328 indice
401 2301 592 2336 Thucydideo
613 2300 758 2337 (Berolini
780 2300 867 2335 1887)
886 2300 931 2327 uti
951 2299 1110 2335 supersedi.
