1714 2583
94 0 141 16 ‘tv
1533 0 1643 25 imur
1666 0 1693 27 ,ξ’
1710 0 1713 2 ·

95 88 131 121 in
158 87 340 121 enuntiato
366 86 533 132 primario
561 85 671 120 semel
696 85 944 119 coniunctivus
974 84 1084 119 futuri
1110 84 1176 119 feri
1201 85 1299 119 vices
1324 95 1464 130 gerens,
1481 82 1546 120 'bis
1570 86 1633 121 im-

96 144 291 191 perativuS,
316 143 463 191 reliquis
488 143 574 178 locis
599 142 815 177 indicativus
842 141 935 177 solus
959 146 1161 190 usurpatur.
1203 141 1426 189 praecedunt
1451 143 1632 179 enuntiata

98 201 368 245 condicionalia,
395 201 423 235 si
449 201 626 246 incipiunt
650 200 696 235 ab
721 200 765 242 εἰ,
791 200 988 246 postposita
1014 204 1105 244 sunt,
1141 200 1170 234 si
1194 200 1333 234 initium
1359 200 1505 246 capiunt
1529 199 1576 235 ab
1601 200 1633 235 εἰ

95 260 153 306 μή.
204 258 299 305 quod
326 258 490 303 congruit
516 268 598 292 cum
622 258 676 304 iis,
703 268 794 304 quae
819 256 981 303 Langius
1006 269 1040 305 p.
1061 256 1129 292 150
1154 256 1353 304 optativum
1379 261 1515 292 tantum
1540 261 1630 292 trac·

97 322 177 351 tans
203 316 248 351 de
265 316 421 351 Homero
447 315 663 359 observavit,
689 315 722 350 εἰ
746 317 794 363 μή
815 315 1071 360 undeoctogies
1096 315 1248 349 inveniri
1265 319 1301 349 et
1326 314 1471 361 quidem
1496 320 1633 360 septua-

96 374 171 418 gies
197 377 323 419 quater
348 373 407 416 ita,
433 377 472 407 ut
498 372 720 406 enuntiatum
745 372 951 418 primarium
977 371 1181 418 praecedat.
1224 371 1322 419 quod
1346 370 1393 406 ad
1417 370 1451 406 εἰ
1474 371 1511 406 in
1528 371 1632 406 inter-

97 430 353 477 rogationibus,
380 442 469 477 quas
494 434 625 465 vocant
649 429 853 475 indirectas,
879 428 1080 465 adhibitum
1104 429 1250 474 adtinet,
1277 428 1470 476 particulas
1489 430 1633 464 interro-

94 490 235 534 gativas
260 501 332 522 una
358 500 439 522 cum
465 488 523 522 illo
541 499 673 533 genere
691 488 938 533 pronominum
955 487 1128 532 tractabo,
1154 486 1200 521 ad
1218 499 1309 533 quae
1327 486 1632 522 coniunctionibus

95 545 268 581 absolutis
279 544 306 592 ¹)
331 545 403 580 iam
427 544 684 580 transeundum
709 549 773 579 est.

131 680 176 710 V.
203 680 257 709 De
282 678 569 716 pronominibus
593 678 852 715 personalibus
876 680 914 708 et
937 678 1153 715 possessivis
1177 678 1319 715 primae
1345 681 1382 709 et
1406 678 1592 709 secundae

751 743 941 772 personae.
951 731 979 779 ²)

208 809 341 854 Pauca,
360 820 452 855 quae
466 808 511 842 de
526 820 568 842 ea
580 820 619 842 re
633 808 847 854 exponenda
860 813 951 853 sunt,
970 807 1037 843 hac
1050 807 1182 843 tabella
1196 808 1450 854 comprehensa
1464 807 1632 843 exhibeo:

269 900 272 983 ι
446 922 526 959 Ἐγώ
697 899 700 982 y
806 921 909 960 Ἡμεῖς
1011 899 1015 983 Ι
1146 923 1193 951 Σύ
1324 899 1328 984 l
1431 923 1438 932 ⁸
1445 925 1536 959 Υμεῖς

114 1015 211 1051 Apoll.
286 1013 353 1050 ἐγώ,
375 1013 453 1050 ἐγών
474 1013 581 1051 (αὐτὰρ
601 1013 623 1041 ἐ.
640 990 701 1107 HT!
713 1015 801 1050 ἡμεῖς
821 1014 850 1041 11
873 1015 946 1040 1152
989 1019 992 1022 ·
1026 1014 1071 1048 σύ,
1092 1013 1174 1051 σύγε,
1195 1013 1267 1049 τύνη
1340 1014 1427 1050 ὑμεῖς
1449 1013 1528 1050 (ter),
1554 1012 1614 1051 ὔμ-

287 1063 350 1095 177,
365 1061 444 1097 788),
464 1060 559 1098 ἔγωγε
1339 1071 1396 1098 μες
1413 1062 1474 1089 ΙΠΙ
1495 1063 1550 1089 195

113 1135 230 1162 callim.
286 1133 345 1170 ἐγώ
357 1133 466 1171 (αὐτὰρ
478 1132 684 1170 ἐ.1171),ἔγω-
714 1135 801 1170 ἡμεῖς
821 1142 845 1161 e.
860 1135 942 1168 19,1.
964 1134 998 1161 ἇ-
1027 1133 1073 1168 σύ,
1094 1133 1138 1168 τύ,
1159 1133 1232 1168 τύνη
1324 1118 1328 1232 y

286 1190 320 1218 γε
341 1181 413 1216 (lm
436 1181 502 1217 122)
713 1181 769 1217 μές
788 1181 831 1208 VI
853 1182 906 1208 128

113 1260 213 1292 Quint.
285 1258 344 1294 ἐγώ
370 1257 477 1293 (αὐτὰρ
504 1257 525 1284 ἐ.
541 1258 584 1283 ΠΙ
605 1257 683 1293 611),
713 1259 800 1294 ἡμεῖς
818 1258 833 1284 Ι
855 1259 909 1284 196
1027 1258 1072 1292 σύ,
1086 1257 1160 1294 σύγε
1173 1258 1228 1293 (ΙΙΙ
1242 1258 1310 1294 480)
1510 1236 1623 1240 —

285 1304 372 1342 ἐγών,
393 1303 490 1341 ἔγωγε
512 1305 554 1340 (11
577 1306 619 1338 10,
637 1304 682 1340 18)

112 1384 201 1410 Hom.
285 1380 354 1418 ἐγώ
381 1382 415 1408 81
443 1381 522 1416 (post
546 1381 683 1415 verbum3
713 1383 819 1418 ἡμεῖς
839 1383 895 1408 626
1027 1381 1070 1409 σύ
1090 1383 1107 1408 3
1340 1381 1446 1418 ὑμεῖς
1466 1383 1521 1408 283

112 1431 240 1466 Argon.
285 1437 350 1456 raro
371 1437 418 1465 ap.
437 1429 524 1456 Hom.
539 1428 594 1455 Eb.
609 1427 684 1455 3361’
714 1429 814 1466 ἄμμες
1027 1429 1099 1464 τύνη
1341 1428 1441 1466 ὔμμες

284 1477 299 1503 1
312 1476 338 1503 A
352 1476 393 1511 2),
407 1477 454 1510 96,
466 1477 531 1510 331,
542 1477 608 1510 443,
620 1477 683 1510 732,

287 1524 369 1558 1001,
384 1524 564 1558 1366‚1370;
576 1522 648 1551 ἀλλ’
660 1523 683 1551 ἐ.

284 1572 350 1605 409,
363 1572 426 1599 690.
448 1571 563 1608 αὐτὰρ
585 1571 606 1599 ἐ.
619 1573 683 1605 251,

285 1620 349 1653 310,
357 1620 412 1647 704
431 1619 528 1655 (initio
539 1627 641 1647 versus
652 1622 685 1647 ut

285 1669 316 1694 in
328 1667 428 1702 hymn.
439 1667 516 1694 hom.
529 1667 583 1694 ΕΙ).
595 1668 683 1698 336·;

285 1723 330 1749 ap.
338 1715 425 1741 Hom.
432 1714 511 1741 haud
517 1722 581 1741 raro
588 1715 619 1740 in
626 1722 683 1741 me-

285 1762 333 1788 dio
354 1761 465 1797 versu),
487 1760 526 1798 ly
533 1760 555 1788 ὠ
562 1770 580 1788 ν
602 1762 684 1795 1159,

288 1810 368 1836 1197.
384 1809 499 1845 αὐτὰρ
512 1808 534 1836 ἐ.
547 1809 682 1843 605‚988.

284 1855 299 1884 ἕ
306 1866 354 1893 γω
362 1865 400 1893 γε
411 1857 466 1883 407
475 1856 517 1891 (in
527 1856 619 1891 exit.),
629 1856 683 1883 αὐ-

285 1905 350 1941 τὰρ
364 1902 387 1932 ἕ.
400 1904 445 1938 (in
459 1903 537 1939 init.)
551 1904 618 1938 419,
639 1904 682 1939 (in

209 2004 232 2039 ²)
259 2003 348 2032 ’Ὼστε
374 2006 405 2031 in
430 2004 638 2039 Argonauticis
664 2013 723 2030 non
750 1995 867 2039 legitur.
908 2003 1032 2030 Gesneri
1057 2004 1228 2030 coniectura
1256 2004 1287 2029 in
1313 2012 1340 2030 v.
1360 2005 1415 2030 299
1441 2002 1509 2031 ὥστ’
1528 2005 1581 2040 ὅγε
1606 2003 1632 2030 κ’

94 2053 184 2083 αὐτός
205 2068 239 2072 -
262 2052 343 2079 codd.
365 2052 468 2087 optimi
487 2052 599 2078 habent
621 2052 653 2082 ὅς
672 2051 709 2088 ῥά
731 2051 760 2078 οἱ
781 2050 871 2081 αὐτός
892 2066 926 2071 —
948 2050 1063 2077 inutilis
1083 2054 1135 2077 est.
1174 2051 1252 2086 quod
1273 2051 1309 2078 ad
1328 2051 1490 2078 Homerum
1510 2051 1632 2086 adtinet,

94 2101 130 2127 de
151 2100 304 2127 nonnullis
325 2100 397 2127 locis
418 2099 584 2133 dubitatur3
606 2099 641 2126 cf.
656 2098 740 2126 Ebel.
755 2099 784 2126 11
804 2098 880 2126 50611
893 2100 925 2132 3;
946 2098 1025 2133 apud
1039 2098 1251 2126 Callimachum
1265 2108 1357 2125 unum
1371 2100 1522 2126 invenitur
1536 2107 1631 2126 exem-

95 2148 176 2184 plum
200 2148 246 2182 (fr.
266 2147 339 2182 134).
362 2155 397 2174 ex
412 2147 569 2182 Apollonio
584 2147 738 2173 Wellauer
758 2146 830 2173 duos
850 2147 931 2173 locos
952 2146 1046 2173 adfert
1065 2146 1079 2172 I
1100 2147 1164 2180 346,
1184 2147 1213 2173 II
1233 2147 1316 2180 1220,
1336 2155 1353 2173 e
1373 2146 1484 2179 Quinto
1497 2146 1632 2182 Koechly
1657 2157 1660 2160 *

93 2206 120 2231 p.
136 2195 321 2222 LXXXVIII
335 2196 351 2228 ξ
361 2196 397 2220 42
414 2203 522 2221 unum:
544 2193 631 2220 XIIII
641 2194 705 2220 528.
727 2194 805 2229 apud
816 2193 997 2220 Nicandrum
1012 2201 1049 2220 ne
1064 2202 1154 2220 unum
1169 2193 1286 2229 quidem
1301 2193 1441 2229 indagavi
1455 2193 1631 2230 exemplum.

209 2241 234 2278 ²)
261 2243 306 2270 cf.
328 2243 361 2270 P.
377 2243 483 2277 Cauer,
511 2243 632 2277 Quaest.
655 2242 690 2270 de
715 2251 846 2278 pronom.
868 2250 942 2278 pers.
963 2242 1064 2269 formis
1084 2242 1115 2269 in
1137 2242 1231 2269 Curtii
1252 2242 1333 2270 Stud.
1356 2252 1379 2269 z.
1400 2242 1509 2278 griech.
1531 2251 1559 2270 u.
1579 2241 1631 2270 lat.

94 2291 223 2318 Gramm.
245 2291 302 2317 VII
326 2292 376 2317 101
400 2300 473 2326 sqq„
500 2291 533 2317 Ε.
553 2290 699 2324 EkedahL
725 2291 771 2317 De
796 2299 928 2326 pronom.
950 2298 1023 2325 pers.
1046 2293 1075 2316 et
1100 2290 1198 2317 reflex.
1224 2298 1280 2316 usu
1300 2290 1408 2316 Herod.
1430 2289 1526 2316 Lund.
1549 2290 1631 2316 1885.

93 2354 128 2357 —
146 2346 222 2374 quae
237 2338 275 2365 ad
288 2337 477 2374 Apollonium
494 2338 643 2374 pertinent
658 2346 674 2364 e
688 2337 817 2364 Rzachio
832 2337 851 2364 l.
864 2346 887 2364 c.
901 2347 927 2373 p.
940 2338 994 2364 532
1006 2346 1068 2373 sqq.
1083 2337 1177 2371 hausi,
1192 2337 1304 2371 Quinti,
1324 2346 1390 2364 cum
1406 2345 1482 2372 quae
1496 2336 1632 2373 Koechly

93 2395 119 2421 p.
142 2385 256 2414 LXIIII
276 2385 366 2413 habet
386 2394 447 2412 non
467 2385 646 2419 sufficerent,
668 2385 759 2413 libros
779 2388 919 2421 quattuor
939 2386 1002 2421 ipse
1022 2387 1221 2421 perscrutatus
1241 2393 1313 2412 sum.
