1734 2492
0 0 116 67 ἐξ
216 18 223 67 Ι
251 18 482 66 Περσεφόνην
510 15 594 64 περὶ
617 17 752 62 πατρὸς
776 15 1017 61 ἀμαιμακέτου
1041 14 1256 62 Κρονίωνος·
1299 15 1514 61 explicanda
1539 20 1616 54 aut

0 52 278 126 Q‘itorrigenda
302 80 385 111 sunt
408 96 455 100 —
480 72 632 109 Wielius
657 72 676 107 Ι
700 72 757 119 35,
787 77 827 108 ut
857 78 1056 108 structurae
1087 73 1380 120 impeditissimae
1404 71 1603 122 μητίεσθαί

0 124 36 177 {3
58 133 101 172 ’τί
121 148 201 173 τινα
221 133 309 182 ’περί
331 131 427 177 τινος
456 131 670 176 mederetur,
704 131 802 166 initio
835 132 992 178 proximi
1026 143 1150 166 versus
1183 135 1395 180 μηχανόωσα
1427 142 1601 178 reponere

63 181 190 238 voluit3
217 190 433 227 Schenkelio
451 190 487 224 in
505 193 661 223 mentem
684 189 795 222 venit:
822 189 926 235 κούρῃ
946 189 1155 237 Περσεφόνῃ
1180 209 1224 213 -
1252 194 1362 223 restat
1380 194 1476 223 certe
1494 200 1602 222 enun-

62 251 191 286 tiatum
216 248 406 284 relativum
432 247 510 293 pari
535 246 612 281 iure
639 245 865 279 coniunctum
893 257 975 279 eum
1002 245 1245 289 substantivis,
1274 258 1364 292 quae
1382 245 1601 281 antecedunt

0 294 26 344 ff*-
40 321 42 323 ·
63 299 323 353 et'sequuntur.
351 305 396 339 de
414 317 447 338 v,
467 302 583 338 *1010
608 304 721 350 θῆράς
744 299 777 337 τ’
793 303 937 344 οἰωνούς
958 315 1007 345 τε,
1033 304 1077 337 τά
1098 316 1136 337 τε
1161 302 1243 345 ζώει
1268 316 1305 338 τε
1330 302 1389 338 καῖ
1415 303 1514 349 ἕρπει
1540 303 1599 337 ad-

64 365 195 399 sentior
228 360 447 398 Schneidero
481 365 633 407 poetam,
670 370 751 394 eum
785 359 905 394 dicere
938 359 1047 394 vellet
1078 358 1139 395 καὶ
1171 359 1255 407 ζῷα,
1288 359 1311 395 ἃ
1344 359 1459 406 ἕρπει,
1494 359 1599 395 simili

0 407 10 462 ⁸.
42 417 169 457 vmodo
196 426 303 468 atque
329 424 509 454 auctorem
536 417 660 463 hymni
686 417 723 451 in
748 413 917 452 Cererem
943 417 1016 451 366
1046 417 1141 451 haud
1174 423 1256 463 apte
1290 431 1392 452 usum
1418 430 1496 453 esse
1521 418 1599 453 loco

6 483 16 522 J
50 477 242 514 'homerico
275 479 307 512 Ρ
334 474 406 510 447
439 477 480 510 οὐ
512 475 575 520 μὲν
607 476 671 519 γάρ
703 472 740 508 τί
772 476 843 508 πού
875 473 972 508 ἐστιν
1001 473 1226 520 ὀιζυρώτερον
1258 475 1382 520 ἀνδρὸς
1411 475 1415 520 Ι
1445 478 1599 517 πάντων,

16 525 34 570 s
49 534 154 572 Ηὅσσοι
177 548 217 571 τε
240 537 342 581 γαῖαν
366 530 429 568 ἔπι
453 529 568 568 πνείει
592 544 631 567 τε
653 529 713 567 καὶ
729 529 839 577 ἕρπει.
883 531 1004 577 quain
1023 543 1061 565 re
1079 530 1260 578 discrepat
1278 532 1600 578 Argonauticorum

0 599 2 601 ’
67 593 219 639 scriptor
243 591 289 626 ab
306 590 476 633 Homero,
503 589 563 635 qui
588 600 783 634 numquam
810 588 994 622 enuntiata
1019 587 1169 622 relativa
1194 600 1274 623 cum
1298 590 1499 624 nominibus
1523 602 1601 636 par-

66 649 177 684 ticula
201 661 240 684 τε
266 647 448 692 coniungit
473 645 534 693 (ef.
553 644 655 680 Ebel.
675 657 702 680 s.
721 658 754 679 V.
774 645 856 680 ὅστε
881 644 899 679 Ι
924 644 954 678 Β
980 657 1015 691 p.
1035 644 1108 691 91),
1137 645 1200 679 sed
1224 646 1371 681 adhibet
1387 646 1446 682 καὶ
1464 647 1522 681 vel
1538 646 1602 694 ἠδέ

0 736 6 742 .
31 722 38 726 -
67 706 130 754 (ef.
149 706 237 751 Arg.
256 704 313 749 35,
331 704 412 749 334,
431 703 529 749 391).
580 702 676 749 apud
702 702 931 749 Apollonium
956 702 1099 737 fortuito
1125 715 1234 737 unum
1259 703 1375 738 locum
1400 704 1417 738 Ι
1443 704 1484 738 21
1514 707 1530 750 (
1533 705 1601 740 πό-

0 761 28 803 'ff
65 776 146 810 ρους
163 763 254 806 ἁλός,
278 762 368 797 ὅσσα
384 759 417 796 τ’
433 758 581 807 ἔρεξαν),
601 759 698 806 apud
716 759 974 794 Callimachum
992 764 1027 794 et
1042 759 1265 795 Nicandrum
1282 760 1388 796 talem
1406 761 1600 807 particulae

0 820 12 840 Ξ
66 833 105 856 τε
138 832 242 855 usum
275 831 345 854 non
379 819 510 853 inveni.
562 822 719 852 ceterum
751 816 790 860 ὅς
813 830 850 852 τε
882 818 966 851 satis
996 816 1201 864 frequenter
1233 818 1329 865 apud
1364 830 1423 853 eos
1457 818 1600 864 legitur-3

0 859 38 917 ’ὑ
68 877 112 912 ef.
136 876 224 912 ean.
247 876 266 911 Ι
295 876 352 921 51,
383 875 439 910 111
466 875 520 919 16,
547 875 624 919 133,
651 874 730 920 140,
761 874 836 909 1111
861 874 941 919 229,
968 874 1020 908 VI
1046 874 1078 920 8,
1105 874 1222 921 Apon.
1249 875 1267 909 1
1294 875 1373 920 799,
1397 875 1602 921 803,1027,

52 933 103 974 311
132 933 166 980 5,
189 933 247 979 26,
270 933 351 977 498,
384 932 441 967 III
471 932 550 976 868,
575 931 655 976 892,
688 931 762 966 IIII
790 931 868 976 133,
892 931 973 975 628,
992 931 1072 975 829,
1094 932 1196 976 1376,
1223 931 1301 966 Nic.
1320 932 1426 968 Ther.
1446 932 1503 977 68,
1523 933 1603 976 283,

2 990 5 994 ’
32 990 147 1032 (568,
161 990 247 1035 672,
273 990 395 1034 Quint.
414 989 432 1023 I
452 989 529 1034 169,
549 989 630 1034 207,
646 988 726 1023 249.
770 989 805 1022 in
823 989 1086 1034 Argonautieis,
1112 994 1151 1023 ut
1173 989 1209 1023 id
1228 989 1294 1024 hoe
1311 989 1388 1024 loco
1407 990 1603 1034 absolvam,

0 1066 19 1090 ῃ
67 1046 107 1091 ὅς
129 1061 168 1083 τε
194 1048 348 1082 occurrit
374 1046 452 1091 311,
472 1045 543 1081 660
577 1045 655 1093 (ubi
680 1046 755 1080 sine
790 1045 898 1081 dubio
931 1051 1014 1080 ante
1045 1046 1165 1081 oculos
1197 1052 1272 1081 erat
1297 1046 1476 1093 Apollonii
1506 1047 1605 1082 locus

0 1108 6 1116 ²
69 1105 113 1140 de
139 1105 265 1140 eadem
291 1117 329 1139 re
356 1105 578 1150 conscriptus
602 1104 641 1138 II
661 1104 684 1138 5
709 1102 748 1146 ὅς
771 1105 801 1138 τ’
820 1103 881 1139 ἐπὶ
897 1103 957 1139 καὶ
974 1103 1138 1146 ξείνοισιν
1155 1103 1274 1139 ἀεικέα
1291 1107 1430 1150 θεσμὸν
1447 1103 1604 1152 ἔθηκεν),

67 1162 186 1209 901.1)
212 1163 248 1197 in
280 1175 310 1197 V.
330 1162 397 1197 607
434 1174 498 1208 pro
524 1173 563 1196 eo
590 1161 683 1208 quod
710 1166 763 1196 est
788 1162 824 1196 in
857 1161 957 1196 libris
991 1162 1038 1205 ὥς
1067 1175 1105 1197 κε
1136 1162 1365 1197 scribendum
1397 1174 1473 1197 esse
1503 1161 1542 1206 ὃς
1566 1176 1603 1198 τε

68 1220 303 1256 Schenkelius
328 1232 385 1255 me
412 1219 569 1263 edocuit3
595 1219 824 1254 Hermannus
847 1224 882 1254 et
899 1219 1048 1254 Abelius
1074 1220 1113 1263 ὃς
1137 1222 1181 1266 ῥα
1207 1219 1377 1255 scribunt.
1418 1225 1604 1266 praeterea

68 1277 181 1312 addas
208 1290 266 1312 vv.
286 1277 365 1322 846,
400 1277 445 1311 de
471 1288 539 1323 quo
563 1276 611 1311 ab
636 1276 839 1311 Hermanno
866 1276 1053 1311 emendato
1087 1289 1195 1323 supra
1225 1276 1338 1311 verba
1371 1277 1533 1322 fecimus,
1568 1282 1603 1311 et

68 1334 151 1378 425,
182 1346 288 1380 quem
320 1335 372 1368 sic
403 1333 527 1368 scribit
552 1332 704 1368 Wielius
734 1332 789 1367 III
818 1333 842 1366 4
867 1335 914 1375 ὥς
943 1330 984 1368 θ’
1007 1331 1063 1368 ἅτ’
1085 1331 1211 1380 ἔφυσεν
1240 1335 1391 1376 ἅπαντα,
1424 1333 1603 1380 διέκριθεν

13 1395 16 1398 ⁴
69 1391 156 1427 ἄλλο
188 1393 278 1437 πρὸς
310 1391 431 1435 ἄλλους
468 1390 570 1425 codd.
597 1389 731 1424 habent
764 1389 855 1425 ὅσσα
888 1387 920 1424 τ’
947 1388 1072 1437 ἔφυσεν
1097 1391 1238 1426 ἅπαντα
1263 1390 1442 1437 διέκριθεν
1467 1389 1498 1427 δ’
1516 1391 1602 1427 ἄλλο

70 1448 144 1494 (vel
168 1448 291 1495 ἄλλον)
317 1444 381 1483 ἀπ’
398 1447 553 1493 mnam)
603 1459 673 1493 qua
706 1448 909 1482 coniectura
944 1448 1047 1482 simul
1072 1447 1167 1482 aliud
1193 1448 1352 1492 infertur,
1387 1448 1481 1493 quod
1517 1450 1602 1483 satis

68 1516 187 1540 rarum
212 1510 276 1548 est,
309 1504 577 1540 correlationem
601 1505 780 1538 inversam
806 1503 897 1548 dico,
933 1505 1032 1538 cuius
1063 1517 1171 1539 unum
1199 1505 1402 1551 exemplum
1428 1504 1602 1540 habemus

0 1578 3 1580 ·
26 1571 32 1589 ³
70 1561 234 1597 codicum
265 1562 474 1596 auctoritate
504 1560 683 1597 firmatum
707 1561 744 1594 in
769 1572 802 1595 V.
822 1560 893 1595 350
922 1560 961 1604 ὃς
987 1560 1026 1597 δέ
1050 1575 1087 1596 κε
1113 1560 1302 1604 συνθεσίας
1326 1562 1513 1610 δηλήσεται
1542 1564 1602 1597 οὐκ

69 1617 235 1665 ἀλεγίζων
261 1620 266 1664 Ι
293 1618 396 1665 ὅρκον
427 1616 633 1666 ὑπερβασίῃ,
666 1620 791 1653 τούτου
827 1615 859 1654 δ’
884 1619 1114 1665 ἐπιμάρτυροι
1148 1616 1267 1655 ἔστων.
1318 1620 1402 1653 satis
1435 1619 1602 1665 frequens

0 1710 2 1716 ,
69 1675 159 1711 haec
190 1676 362 1711 enuntiati
391 1676 530 1710 relativi
560 1674 674 1710 forma
704 1675 799 1721 apud
826 1674 1087 1710 Callimachum
1117 1682 1185 1718 est3
1212 1676 1257 1709 cf.
1281 1676 1316 1709 II
1345 1676 1398 1720 10,
1417 1676 1473 1721 26,
1492 1676 1549 1718 40,
1568 1676 1601 1709 V

0 1740 22 1765 ’,-
70 1732 126 1776 35,
147 1733 226 1779 131,
253 1733 306 1767 VI
334 1732 411 1768 138.
462 1732 616 1778 denique
648 1732 942 1777 significationem
976 1732 1077 1777 ‘talis,
1109 1732 1243 1778 qualis’,
1279 1745 1370 1778 quae
1404 1733 1500 1778 apud
1531 1733 1601 1766 Ho-

70 1801 208 1825 merum
236 1791 428 1834 invenitur,
460 1788 609 1836 praebet
633 1801 668 1824 v,
692 1787 760 1823 831
787 1786 856 1835 ἔργ’
879 1787 973 1825 ἄδικ’
990 1791 1200 1836 ἀνθρώπων,
1226 1790 1249 1824 ἃ
1275 1790 1316 1836 δὴ
1341 1789 1466 1832 πολέες
1489 1792 1602 1835 μεμά-

70 1858 152 1881 ασιν
173 1846 178 1892 Ι
199 1847 368 1892 τετλάμεν
400 1847 437 1881 ἐν
468 1849 572 1893 βιοτῇ
603 1845 746 1892 κέρδους
777 1844 876 1881 ἕνεκα
909 1845 1105 1892 σφετέροιο,
1140 1846 1185 1881 cf.
1213 1846 1329 1892 Apoll.
1353 1846 1370 1880 I
1400 1846 1470 1880 479
1500 1846 1600 1881 ἄλλοι

185 1981 207 2016 ¹)
237 1979 340 2008 ’Ἔνθα
367 1989 398 2008 τε
424 1980 548 2007 traditur
573 1979 638 2012 236,
661 1979 714 2006 749
740 1982 771 2006 et
796 1980 967 2007 coniectura
992 1981 1159 2007 restitutum
1187 1983 1231 2007 est
1255 1983 1394 2015 quattuor
1419 1980 1500 2013 locis,
1530 1989 1604 2015 quos

0 2014 17 2072 ’Ξ
48 2016 98 2065 ,Ῥ.
112 2028 167 2054 299
188 2037 215 2055 n.
231 2029 248 2055 2
268 2028 401 2055 tractavi.
429 2022 482 2063 ἧχί
498 2035 528 2053 τε
549 2026 690 2053 habemus
711 2026 775 2052 744.
800 2027 919 2053 omnino
939 2027 976 2054 de
997 2028 1060 2057 ὅςτε
1082 2027 1118 2054 cf.
1133 2031 1249 2062 praeter
1269 2027 1407 2054 Ottonem
1429 2028 1458 2053 II
1479 2029 1512 2053 21
1529 2036 1602 2063 sqq.,

0 2074 7 2094 ἰ
69 2075 106 2101 25
120 2082 162 2111 sq.
184 2075 219 2103 G.
234 2075 394 2103 Chi-istium
413 2075 445 2101 in
459 2073 611 2102 Sim—Ber.
626 2073 652 2100 d.
667 2072 765 2109 bayer.
781 2073 885 2108 Akad„
906 2074 1059 2110 phil.-hist.
1075 2075 1129 2109 CL,
1150 2083 1174 2102 a.
1193 2076 1265 2102 1880
1279 2084 1305 2110 p.
1321 2075 1357 2102 50
1371 2084 1433 2110 sqq.
1449 2075 1533 2111 (⁴Der
1546 2076 1602 2102 Ge·
1630 2107 1633 2110 .

0 2138 8 2155 ι,
70 2121 181 2150 brauch
201 2123 227 2150 cl.
243 2123 354 2159 griech.
369 2122 503 2150 Partikel
523 2121 586 2155 re’).

0 2156 22 2171 ε’
67 2164 69 2166 ’
184 2170 207 2206 ²)
229 2170 412 2198 Guttmanno
432 2173 508 2197 teste
528 2169 554 2196 R
574 2168 694 2196 exhibet
714 2167 869 2207 διέκριθεν
889 2170 974 2204 ἄλλος
1000 2170 1078 2206 quod
1099 2171 1123 2197 si
1144 2179 1246 2197 verum
1268 2173 1320 2203 est,
1341 2170 1414 2196 illud
1436 2168 1473 2204 δ’,
1499 2171 1557 2203 cui,
1577 2171 1601 2196 si

0 2212 46 2244 ἴω
69 2217 213 2245 bonorum
234 2219 367 2246 codicum
388 2225 534 2245 consensu
554 2216 727 2251 traderetur,
753 2217 867 2253 aliquid
887 2218 1074 2246 tribuendum
1095 2222 1180 2253 esset,
1205 2227 1265 2245 non
1290 2218 1385 2244 obstat
1406 2218 1508 2245 Wielii
1535 2227 1601 2245 con-

0 2282 39 2305 5
70 2265 209 2293 iacturae.
244 2270 373 2294 ceterum
395 2266 495 2293 nescio
515 2273 553 2292 an
575 2265 694 2300 propius
714 2265 888 2293 accedamus
909 2266 946 2293 ad
968 2266 1099 2293 codicum
1121 2267 1289 2293 memoriam
1309 2266 1477 2292 scribendo:
1499 2267 1537 2296 ὡς
1557 2264 1602 2293 ἅτ’

0 2299 193 2354 ἕῨῇέφνσεν,
214 2314 257 2340 ita
275 2317 309 2340 ut
329 2313 471 2349 prolepsis
491 2315 638 2339 statuatur
657 2313 739 2338 vocis
759 2310 887 2350 ’Ἔρωτα
