1734 2492
0 0 29 16 m
105 9 112 35 ’-
137 22 140 25 ’
186 16 252 47 296
280 6 358 46 ἀλλ’
373 12 415 46 οὒ
438 12 573 45 πεῖθον
596 9 728 45 ἄνακτα
752 8 985 55 πεπνυμένον,
1011 9 1050 51 δς
1074 10 1118 54 ῥά
1145 3 1180 42 οἳ
1204 2 1269 54 ᾔδη

114 61 117 67 ’
282 63 590 115 Ἵίρηςῖἐννεσίῃσι
614 65 793 113 τετιμένον
816 66 978 109 Αἴσονος
1001 62 1085 109 υἱόν,

284 124 332 167 ὥς
357 124 400 171 δή
425 121 460 160 οἳ
485 123 584 167 κλέος
608 124 739 159 ἐσθλὸν
763 122 821 160 ἐπ’
838 123 1080 170 ἐσσομένοισιν
1104 121 1245 165 ὄπαζεν,

283 180 323 224 ὅς
345 183 390 228 ῥά
414 178 450 216 οἱ
474 182 579 223 αὐτὸς
603 177 744 216 ἔνισπεν
761 177 899 229 Ἰήσονα
923 179 1086 227 κοίρανον
1111 175 1209 214 εἶναι.

192 243 256 273 501
636 237 795 287 ἐπήλυθε
819 237 973 282 Κύζικος
996 239 1096 286 ἣρως,

286 293 326 338 ὃς
352 294 507 331 Δολιέων
531 295 661 342 ἤνασσε
685 296 916 342 περικτιόνων
940 296 1140 342 ἀνθρώπων

285 352 424 400 Λίνῆος
447 350 551 400 φίλος
574 348 659 396 υἱός,
686 351 725 388 ὅν
751 349 786 388 οἱ
810 351 887 388 τέκε
914 352 973 388 δῖα
999 356 1167 397 γυναικῶν

285 408 450 455 Εὐσώρου
476 410 644 456 θυγάτηρ,
671 409 812 457 Αἰνήτη
836 409 1081 457 καλλιπάρῃος,

287 465 326 508 ὅς
349 467 393 512 ῥα
418 464 599 514 φιλοξενίῃ
623 466 764 508 Μινύας
787 464 944 513 ἐγὲρηρεν
968 466 1129 507 ἅπαντας
1152 465 1224 498 κτλ.

20 543 199 590 pertinent
215 553 275 575 vv.
295 540 364 574 299
383 545 419 574 et
435 539 506 574 505
523 539 570 574 ad
587 539 675 574 illud
691 552 814 586 genus,
833 540 928 586 quod
946 538 1191 574 Windischius
1211 539 1260 584 (p.
1275 538 1362 583 416)
1380 537 1556 582 signifieat

22 600 90 635 hoe
114 598 272 633 nomine:
299 596 410 631 ‘nicht
434 596 692 642 nothwendige-
712 596 997 631 Relativsaetze’.
1040 597 1241 630 necessaria
1267 607 1351 629 sane
1376 594 1461 629 talia
1485 606 1556 628 non

26 660 116 699 sunt,
151 654 214 688 sed
239 653 407 699 subiungi
432 658 590 699 possunt,
626 653 723 688 velut
747 654 783 688 in
809 666 868 688 vv.
888 653 954 688 607
983 659 1018 687 et
1044 653 1123 698 719,
1155 652 1217 687 ubi
1243 652 1392 686 Abelius
1419 663 1557 685 comma

25 712 179 747 retinuit.
231 709 276 745 of.
311 715 499 756 praeterea
531 722 590 744 vv.
619 710 689 744 730
715 722 790 757 sqq.
826 716 862 745 et
895 710 964 744 749
991 722 1066 756 sqq.
1102 710 1187 755 (quo
1221 709 1297 743 loco
1327 708 1430 743 modo
1455 705 1556 750 ἔνθα,

25 768 130 804 1110ᾱο
155 765 196 803 οὗ
220 766 376 813 legitur).
427 766 522 814 quod
548 767 594 802 ad
619 779 654 802 V.
672 766 740 802 381
768 767 918 802 adtinet:

822 841 913 878 ἔνθα
937 856 975 877 τε
1001 842 1141 888 Χείρων

308 898 398 935 ναίει
424 898 476 935 ἑνὶ
500 899 673 948 σπήλυγγι
698 900 922 943 δικαιότατος
945 902 1164 946 Κενταύρων,

308 956 346 993 οἳ
368 959 501 1005 τράφεν
524 958 567 992 ἂν
596 958 733 1005 Φολόην
757 956 896 993 Πίνδου
921 955 953 992 τ’
970 958 1113 993 αἰπεινὰ
1139 959 1280 1004 κάρηνα,

311 1015 349 1057 ὅς
373 1017 417 1061 ῥα
443 1013 657 1063 δικασπολίη
681 1017 825 1060 γάνυται
850 1014 910 1050 καὶ
935 1014 1109 1060 ἀκέσμασι
1134 1016 1276 1058 νούσων,

26 1091 87 1126 ubi
113 1091 333 1125 enuntiatum
358 1090 548 1125 relativum
573 1103 595 1125 a
620 1092 761 1125 nomine
788 1091 1001 1136 disiungitur
1027 1091 1138 1125 altero
1164 1089 1336 1124 eiusmodi
1367 1088 1559 1133 enuntiato,

28 1147 112 1183 mihi
137 1160 207 1182 non
234 1147 390 1193 contigit,
417 1153 456 1181 ut
481 1148 593 1182 simile
620 1147 706 1194 quid
731 1148 827 1194 apud.
853 1154 990 1183 ceteros
1015 1153 1138 1194 poetas
1164 1148 1371 1182 invenirem.

140 1205 206 1238 His
233 1205 277 1239 de
303 1204 472 1248 relativis,
500 1217 590 1251 quae
615 1205 708 1239 inter
733 1218 769 1239 se
796 1206 991 1251 excipiunt,
1018 1205 1188 1250 expositis
1210 1205 1256 1238 ad
1274 1204 1451 1248 Ebelingii
1470 1202 1559 1236 ordi-

28 1272 108 1295 nem
141 1262 276 1295 reversi
309 1273 385 1295 rem
419 1261 657 1296 absolvamus.
710 1262 935 1307 coniungitur
968 1261 1155 1296 relativum
1190 1273 1271 1296 eum
1309 1260 1420 1295 altera
1457 1259 1560 1294 verbi

26 1329 177 1363 persona
201 1317 234 1362 2,
254 1317 339 1361 289;
367 1318 437 1353 334
464 1318 593 1365 (ὅσοι),
621 1318 664 1353 ef.
685 1317 806 1362 Quint.
825 1319 844 1353 Ι
868 1318 948 1353 583.
977 1319 1148 1353 omittitur
1167 1318 1316 1352 verbum
1341 1313 1446 1352 εἷναιε
1474 1317 1558 1359 775,

12 1373 107 1420 (748,
122 1374 188 1409 751
208 1374 304 1420 (adv.
321 1372 393 1421 οὗ);
413 1374 483 1408 744
501 1372 609 1422 (ἧχι);
628 1374 709 1417 467,
729 1375 798 1408 749
817 1372 959 1421 (ἔνθα),
979 1375 1024 1410 cf,
1041 1374 1156 1420 Apoll.
1175 1375 1192 1408 I
1211 1374 1281 1409 284
1292 1374 1352 1421 (Ῥ),
1372 1374 1452 1419 822,
1470 1373 1558 1408 Call.

27 1430 102 1466 IIII
117 1430 199 1475 203,
218 1431 298 1476 293,
325 1431 378 1466 VI
398 1431 476 1466 117.
517 1432 685 1467 inseritur
709 1444 904 1478 pronomen
929 1433 965 1466 in
988 1432 1074 1467 alias
1098 1438 1217 1478 partes
1240 1432 1451 1466 sententiae:
1482 1430 1559 1474 169,

28 1486 108 1533 289,
127 1487 207 1532 779,
226 1487 311 1533 852,
343 1488 413 1522 662
440 1488 586 1535 (ὅστις);
620 1488 689 1522 467
724 1486 848 1534 (ἔνθα)
880 1495 915 1523 et
940 1490 1166 1523 innectuntur
1200 1489 1379 1522 enuntiato
1413 1488 1561 1523 relativo

29 1556 120 1590 quae
153 1545 199 1579 ad
233 1546 442 1591 primarium
475 1546 669 1592 pertinent:
704 1545 774 1579 824
807 1546 954 1590 Κόλχοι,
988 1545 1025 1581 οἳ
1052 1545 1111 1581 καὶ
1133 1541 1238 1593 ’Ἀρηι
1270 1546 1447 1593 δορυσσόῳ
1469 1535 1562 1580 εἰσὶν

30 1602 175 1647 ἀτειρεῖς
197 1601 201 1648 Ι
223 1602 259 1644 ἐς
291 1604 408 1647 μόθον
433 1599 583 1648 ἱεμένοις
606 1600 645 1637 εὖ
670 1599 804 1645 εἰδότες
831 1598 889 1650 ἶφι
913 1605 1105 1649 μάχεσθαι,
1140 1602 1205 1636 901
1241 1602 1396 1649 τηλῶπις
1425 1602 1562 1636 ἄνασσα

29 1653 161 1693 ἱστάνει
186 1658 409 1694 αἰθύσσουσα
434 1660 545 1706 πυρὸς
569 1657 683 1702 σέλας,
707 1661 749 1707 ἣν
765 1659 805 1695 τέ
821 1673 859 1694 νυ
878 1660 1012 1704 Κόλχοι
1029 1656 1197 1706 ’Ἀρτεμιν
1213 1658 1385 1706 ἕμπυλίην
1403 1686 1409 1692 .
1430 1687 1438 1693 .
1458 1687 1465 1693 .
1484 1655 1561 1693 ἱλά-

30 1726 172 1751 σκονται
193 1715 198 1762 Ι
221 1716 334 1765 δεινὴν
358 1717 604 1763 ἀνθρώποισιν
630 1717 727 1753 ἰδεῖν.
766 1717 811 1751 cf.
831 1716 900 1751 502
919 1729 982 1763 sq„
1001 1717 1086 1760 9273
1114 1716 1183 1751 285
1202 1716 1243 1761 (δ’
1256 1717 1319 1761 τι).
1359 1717 1428 1751 huc
1445 1715 1561 1751 refero

30 1782 63 1806 v.
81 1770 149 1806 221
169 1785 234 1820 sq„
260 1785 348 1820 quos
375 1785 482 1820 supra
507 1774 699 1821 exscripsi;
726 1774 771 1809 cf.
791 1774 908 1821 Apoll.
927 1774 945 1809 1
966 1774 1043 1818 163,
1064 1774 1143 1819 733,
1171 1773 1257 1808 Call.
1277 1773 1351 1808 IIII
1370 1774 1447 1808 156.
1480 1786 1561 1808 cum

31 1827 85 1863 his
110 1829 277 1865 cohaeret
301 1831 487 1877 adtmctio,
513 1843 620 1877 quam
645 1837 786 1876 vocant,
813 1833 955 1867 inversa
978 1832 1039 1878 (of.
1058 1831 1160 1866 Ebel.
1179 1831 1244 1864 88⁹
1263 1830 1301 1876 i),
1329 1832 1428 1865 cuius
1446 1844 1563 1866 exem-

29 1884 126 1930 plum
157 1892 256 1932 extat
285 1888 322 1922 in
348 1900 381 1923 v.
401 1888 467 1922 391
494 1887 626 1934 ι’δωμεν
646 1888 652 1935 Ι
673 1888 744 1930 ἕξιν
769 1889 900 1932 παιδὸς
922 1890 1024 1935 ἐμοῖο
1049 1888 1109 1924 καὶ
1134 1890 1260 1936 ἤθεσιν
1285 1882 1356 1923 οἷσι
1385 1887 1563 1924 κέκασται.

142 1943 341 1979 Pronomen
368 1957 490 1980 casum
516 1946 666 1980 nominis
692 1945 892 1990 adsumere,
924 1945 1019 1992 quod
1044 1946 1231 1991 perpaucis
1257 1946 1342 1979 locis
1376 1945 1564 1980 homericis

32 2000 138 2033 statui
171 2006 298 2047 potest,
334 2001 474 2036 Gesner
506 2003 646 2048 putavit
679 2003 716 2036 in
749 2014 782 2037 v.
804 2002 868 2037 101
905 2003 982 2045 ἅλις
1005 2000 1133 2037 ἔπλετο
1159 2002 1315 2048 μόχθων,
1340 2001 1344 2047 Ι
1367 1999 1414 2036 ὧν
1441 1998 1565 2048 ικόμην

31 2049 92 2090 ἐπὶ
116 2059 218 2102 γαῖαν
242 2057 425 2106 ἀπείριτον
448 2058 512 2107 ἠδὲ
536 2059 673 2106 πόληας
694 2059 699 2105 Ι
720 2059 900 2107 Αἰγύπτῳ
925 2060 1050 2107 Λιβύῃ
1074 2072 1110 2093 τε
1136 2061 1276 2104 βροτοῖς
1306 2060 1371 2093 ἀνὰ
1396 2057 1564 2105 θέσφατα

31 2110 176 2157 φαίνων.
218 2115 282 2150 sed
311 2127 391 2150 meo
422 2115 567 2161 quidem
599 2114 729 2150 iudicio
754 2115 871 2150 nullus
901 2116 1117 2162 pronominis
1143 2115 1281 2149 relativi
1307 2127 1410 2150 casus
1435 2116 1471 2149 in
1497 2115 1571 2159 hoo

33 2170 213 2206 enuntiato
239 2184 321 2207 oum
346 2168 470 2219 ἱκόμην
496 2173 662 2218 coniungi
687 2178 804 2219 potest
828 2193 874 2198 —
898 2185 944 2207 ne
970 2167 1023 2215 οἷς
1048 2172 1192 2218 quidem
1214 2171 1271 2206 vel
1296 2166 1443 2215 ξὺνοῖς,
1470 2172 1565 2218 quod

32 2227 162 2271 requiri
179 2226 319 2263 Gesner
336 2229 423 2264 dicit
447 2248 493 2254 —
518 2240 635 2275 neque
652 2230 761 2275 igitur
777 2242 843 2277 pro
861 2241 958 2276 casu,
985 2230 1044 2275 qui
1068 2241 1137 2263 non
1164 2235 1229 2272 est,
1256 2229 1444 2274 genetivus
1469 2229 1564 2275 poni.

35 2291 140 2326 quare
166 2281 225 2330 ὧν,
251 2286 347 2332 quod
372 2297 494 2321 omnes
519 2286 673 2321 editores
699 2287 931 2332 retinuerunt,
959 2292 1164 2332 corruptum
1191 2298 1268 2320 esse
1287 2298 1414 2320 censeo
1433 2292 1468 2321 et
1485 2298 1565 2321 cum
1588 2311 1592 2314 -

1377 2344 1395 2372 ⁶

1712 0 1734 156 ..υέῖξῖω
