1734 2492
175 43 366 79 Difficilior
391 37 502 77 oritur
527 42 688 88 quaestio
714 41 759 75 de
785 53 819 75 v.
838 41 909 75 904

277 99 347 134 900
372 101 480 146 αὐτὰρ
503 96 567 134 ἐπὶ
591 99 771 144 σταθμοῖο
796 98 915 133 πυλῶν
939 98 1097 145 τηλῶπις
1122 100 1259 135 ἄνασσα

374 152 519 200 ἱστάνει,
545 154 769 191 αἰθύσσουσα
793 156 903 201 πυρὸς
926 154 1039 199 σέλας,
1065 158 1107 203 ἣν
1130 156 1169 192 τέ
1193 171 1231 192 νυ
1257 157 1391 201 Κόλχοι

373 209 543 260 ’Ἀρτεμιν
566 208 737 258 ἒμπυλίην
760 212 1019 259 κελαδοδρόμον
1043 210 1248 249 ἱλάσκονται

374 270 489 317 δεινὴν
512 270 759 314 ἀνθρώποισιν
784 269 880 312 ἰδεῖν,
907 270 1021 317 δεινήν
1044 268 1077 305 τ’
1092 271 1292 315 ἐσακοῦσαι,

372 326 406 362 εἰ
429 327 477 373 μή
501 339 556 368 τις
579 326 722 368 τελετὰς
745 326 891 361 πελάσει
915 325 974 362 καὶ
1000 327 1147 363 θύσθλα
1172 330 1376 374 καθαρμῶν.

9 424 11 427 ,
60 385 258 423 Schneider
282 384 437 420 πελάσαι
462 382 562 417 dedit
590 382 680 417 haec
712 382 902 417 adnotans:
946 383 1017 417 ‘Ita
1042 386 1181 418 correxi
1207 385 1391 430 vulgatum
1417 385 1588 428 πελάσεϋ,

60 454 176 489 neque
206 442 328 487 negari
359 444 476 486 potest
505 444 646 484 tempus
675 439 833 473 futurum
863 444 943 485 post
972 439 1084 474 verba
1114 437 1314 476 ἱλάσκονται
1347 442 1460 488 δεινὴν
1491 442 1588 485 ἰδεῖν,

60 511 151 547 quae
176 503 258 534 sunt
283 498 377 544 δεινή
406 497 501 532 ἐστιν
531 495 629 539 ἰδεῖν,
655 495 761 530 miros
792 507 855 530 nos
885 495 1028 530 habere.
1078 496 1218 531 adferat
1243 497 1418 544 quispiam
1444 510 1477 532 V.
1499 498 1591 533 1324

61 554 225 602 &maim
249 555 344 601 μάλα
368 556 432 599 γάρ
458 565 522 600 σφι
545 551 700 599 Διωναίη
719 550 912 599 Ἀφροδίτη
940 552 944 598 Ι
967 553 1132 598 ἀνδράσιν
1155 554 1217 599 ἠδὲ
1241 551 1402 598 γυναιξίν,
1428 556 1503 597 ὅτις
1526 557 1590 590 τά-

61 613 100 649 δε
128 614 276 660 μήσεται
300 608 392 657 ἔργα.
444 609 508 644 sed
541 609 628 644 illud
660 610 809 657 μήσεται
841 620 906 655 pro
940 609 1166 644 coniunctivo
1198 610 1313 656 accipi
1347 622 1451 657 posse
1485 610 1591 646 docet

59 669 239 717 Apollonii
264 667 394 703 Rhodii
409 679 505 713 usus,
533 667 633 701 cuius
651 665 855 712 exemplum
880 666 975 701 hunc
993 667 1201 712 scriptorem
1227 672 1386 702 secutum
1405 680 1481 703 esse
1508 681 1589 703 cum

58 737 124 773 per
149 738 187 760 se
211 726 289 759 veri
315 724 427 759 simile
453 729 518 767 est,
550 728 626 757 tum
650 723 722 757 iam
748 722 944 757 Schneider
971 727 1006 756 et
1030 722 1181 757 Wielius
1212 724 1397 759 occasione
1423 724 1513 759 data
1531 725 1587 759 de·

59 787 354 819 monstraverunt.
406 780 451 816 de
482 779 670 827 Apollonio
706 779 867 815 conferas
900 779 989 814 haec
1023 779 1170 815 Rzachii
1204 780 1330 815 verba:
1374 781 1478 817 ‘Hier
1512 782 1591 817 sind

59 840 230 876 zunachst
255 840 312 874 die
329 839 437 874 Reste
462 837 777 873 kurzvocalischer
794 837 949 883 Bildung
974 837 1033 872 bei
1059 838 1129 872 den
1155 838 1407 883 sigmatischen
1426 840 1592 874 Aoristen

7 938 11 944 .
59 909 104 932 zu
134 896 351 932 betrachten.
399 895 496 930 Dass
521 895 615 930 auch
640 894 738 930 diese
763 894 858 929 alten
883 895 913 929 F
915 906 1036 930 ormen
1063 894 1297 942 Conjunctive
1323 896 1496 942 primarer
1521 897 1590 931 Bil-

59 954 158 1000 dung
181 967 226 989 zu
251 953 503 1000 sigmatischen
521 953 686 987 Aoristen
704 952 795 987 ohne
813 952 1056 987 Themavocal
1079 952 1169 997 sind,
1196 953 1295 988 kann
1313 953 1405 999 jetzt
1421 954 1589 989 niemand

58 1011 159 1046 mehr
183 1012 219 1045 in
245 1010 391 1055 Abrede
417 1010 543 1045 stellen
569 1009 656 1056 (vgl.
674 1002 875 1056 Westphal,
901 1009 1059 1044 Method.
1079 1009 1141 1044 Gr.
1160 1009 1179 1043 I
1203 1010 1236 1055 2,
1255 1010 1325 1044 266
1344 1023 1408 1057 sq.,
1435 1010 1589 1056 Curtius,

59 1067 169 1103 Verb.
195 1067 232 1102 II
257 1067 355 1113 259).
395 1067 453 1103 Da
479 1067 576 1102 diese
602 1067 757 1102 Formen
783 1067 863 1101 dem
890 1067 1123 1101 Verstandnis
1158 1067 1222 1102 der
1254 1067 1589 1103 alexandrinischen

58 1124 325 1159 Grammatiker
341 1124 534 1159 ausserlich
560 1124 652 1159 doch
677 1125 802 1158 immer
818 1123 929 1158 nither
953 1123 1058 1169 lagen
1075 1124 1127 1158 als
1153 1124 1209 1158 die
1235 1124 1357 1158 friiher
1383 1125 1589 1159 erwahnten

59 1180 292 1228 Oonjunctive
330 1181 394 1216 des
427 1181 603 1219 Praesens
637 1180 712 1216 und
746 1180 808 1215 des
846 1180 993 1216 starken
1030 1181 1190 1225 Aorists‚
1230 1193 1267 1215 so
1301 1181 1506 1216 verwendet
1540 1182 1590 1216 sie

44 1237 267 1284 ‘Apollonius
293 1237 386 1273 auch
412 1243 520 1273 etwas
552 1238 643 1273 &fter
672 1236 724 1272 als
752 1237 860 1284 jene.’
874 1236 897 1284 ¹)
949 1237 1110 1272 conferas
1136 1250 1268 1284 quaeso
1295 1237 1382 1273 Call.
1408 1238 1484 1273 IIII
1508 1238 1589 1283 229,

60 1294 181 1339 Quint.
207 1295 226 1329 I
250 1295 337 1342 499,
372 1295 425 1330 VI
449 1295 531 1330 448.
582 1294 748 1342 exempla
780 1294 985 1330 Nicandrea
1017 1300 1158 1342 praesto
1191 1307 1261 1330 non
1295 1300 1387 1331 sunt.
1438 1296 1590 1341 accedit,

58 1352 153 1398 quod
177 1353 212 1387 in
238 1353 562 1398 Argonauticorum
593 1352 669 1387 loco
701 1351 768 1387 347
789 1363 864 1398 sqq.
891 1357 1036 1398 propter
1067 1352 1160 1399 ὄφρα
1185 1353 1248 1398 μὲν
1272 1381 1279 1387 .
1303 1380 1311 1387 .
1336 1381 1344 1388 .
1370 1381 1376 1387 .
1399 1351 1589 1398 μίμνωμεν,

59 1408 154 1455 quod
177 1409 372 1455 praecedit,
398 1409 486 1444 illud
520 1409 707 1457 δηλήσεται
742 1408 800 1454 (ὃς
833 1408 874 1445 δέ
904 1421 942 1443 κε
975 1407 1167 1451 συνθεσίας
1200 1409 1403 1456 δηλήσεται)
1438 1410 1501 1444 vix
1526 1422 1590 1455 pro

58 1464 176 1500 futuro
201 1467 316 1512 accipi
341 1465 501 1513 potest.²)
551 1467 622 1501 iam
649 1477 731 1500 cum
760 1465 860 1501 locus
890 1465 948 1500 ille
975 1465 1097 1500 similis
1123 1466 1298 1501 removeri
1323 1467 1443 1512 possit,
1470 1466 1589 1502 videa-

58 1534 147 1566 mus,
173 1527 292 1558 utrum
317 1523 475 1558 futurum
500 1525 536 1558 in
562 1536 596 1557 v,
615 1523 686 1557 904
710 1522 896 1557 ferendum
922 1523 966 1557 sit
990 1534 1115 1557 necne.
1163 1534 1254 1569 quae
1279 1535 1336 1558 res
1363 1523 1506 1558 decerni
1532 1536 1590 1558 ne-

57 1580 133 1626 quit
157 1580 225 1614 nisi
250 1580 399 1616 aliorum
424 1582 636 1628 scriptorum
660 1580 746 1615 locis
770 1579 927 1614 adscitis.
976 1592 1055 1614 cum
1081 1591 1100 1614 e
1126 1579 1345 1615 Callimacho
1355 1581 1381 1627 ³)
1407 1580 1590 1616 Nicandro

57 1636 188 1681 Quinto
214 1636 276 1683 (cf.
294 1637 460 1685 Koechly
482 1650 517 1685 p.
535 1637 776 1673 LXXXVIII
793 1637 861 1684 sq.)
886 1636 973 1672 nihil
990 1641 1133 1683 praesto
1151 1643 1254 1682 esset,
1273 1637 1453 1684 Apollonii
1470 1644 1590 1673 autem

55 1692 124 1728 loci
153 1694 256 1729 aliter
287 1701 406 1730 essent
437 1696 631 1741 comparati
674 1715 718 1720 —
759 1706 828 1729 uno
854 1696 946 1736 enim
977 1694 1029 1740 (II
1056 1694 1140 1741 637)
1168 1700 1332 1741 excepto,
1359 1695 1420 1729 ubi
1447 1696 1483 1729 in
1508 1707 1589 1741 apo-

56 1750 151 1786 dosis
184 1751 303 1787 verbis
336 1751 430 1801 ἀμφὶ
462 1753 576 1788 ἄλλων
610 1749 712 1788 δείδι’
733 1750 880 1799 ἑταίρων
913 1751 1023 1786 futuri
1057 1752 1236 1786 notionem
1271 1752 1387 1786 inesse
1421 1757 1516 1799 puto,
1552 1753 1589 1787 in

55 1810 237 1845 enuntiato
259 1811 427 1856 primario
449 1810 621 1845 habemus
640 1810 838 1856 optativum
855 1821 935 1844 cum
954 1809 1137 1856 particulis
1154 1810 1197 1845 ἄν
1214 1809 1272 1844 vel
1297 1823 1335 1845 κε
1362 1811 1590 1845 coniunctum

22 1890 26 1891 κ
56 1864 127 1912 (ΙΠ
145 1865 201 1911 75,
219 1866 276 1911 98,
291 1867 372 1912 901,
397 1867 473 1902 IIII
490 1867 576 1914 834)
601 1887 648 1892 —
673 1866 758 1901 nihil
795 1866 891 1901 aliud
916 1866 1074 1901 restabat
1096 1867 1163 1900 nisi
1180 1867 1276 1901 locos
1293 1866 1491 1901 homericos
1510 1879 1589 1901 con-

170 1980 191 2016 ¹)
221 1981 264 2008 Cf.
286 1981 414 2009 Gramm.
435 1982 518 2010 Stud.
540 1991 563 2008 z.
585 1981 682 2017 Apoll.
703 1981 797 2008 Rhod.
819 1981 1020 2017 Sitzungsber.
1041 1981 1092 2008 der
1116 1982 1238 2009 Wiener
1257 1981 1346 2009 Acad.
1368 1981 1521 2017 phil.-hist.
1543 1981 1587 2009 Cl.

54 2026 101 2060 89.
121 2037 148 2063 p.
165 2029 230 2056 574.
251 2029 347 2056 adfert
376 2030 390 2056 1
413 2031 494 2063 1332,
524 2030 554 2056 11
575 2030 657 2063 1073,
686 2029 731 2055 111
751 2030 816 2062 909,
846 2029 905 2056 nn
927 2030 990 2062 182,
1011 2030 1076 2062 438,
1097 2029 1151 2055 831
1174 2028 1371 2064 (δηλήσεται),
1402 2032 1555 2065 praeterea
1574 2029 1589 2055 1

27 2074 116 2115 sees,
136 2075 181 2103 111
201 2077 266 2111 570,
292 2077 329 2104 de
349 2078 456 2113 quibus
480 2077 553 2105 locis
580 2078 678 2105 nescio
704 2085 744 2104 an
764 2077 867 2104 eodem
895 2077 980 2104 modo
1002 2077 1130 2104 dubitari
1150 2078 1250 2113 possit,
1277 2085 1335 2112 quo
1357 2077 1504 2104 Rzachius
1524 2078 1588 2112 ipse

32 2116 35 2119 ’
53 2121 90 2149 ᾱο
109 2122 170 2150 1111
192 2125 266 2151 1418
287 2125 411 2152 dubitat.

3 2214 5 2218 ι
167 2178 191 2215 ²)
209 2180 380 2210 Particulae
401 2191 452 2210 κεν
472 2183 503 2209 in
517 2183 679 2210 enuntiatis
697 2181 832 2210 relativis
852 2182 944 2209 futuri
963 2181 1124 2209 indicativo
1139 2181 1256 2209 additae
1276 2182 1351 2208 haec
1371 2182 1432 2209 fere
1453 2183 1589 2217 exempla

52 2228 155 2254 extant
174 2227 334 2257 homerica:
361 2232 391 2258 A
411 2231 475 2265 175,
498 2233 519 2258 Ι
537 2231 599 2265 155,
620 2232 663 2258 M
678 2231 743 2265 226,
764 2239 778 2258 ε
799 2230 845 2264 36,
865 2240 883 2257 κ
902 2230 972 2264 432;
993 2232 1122 2257 ceterum
1144 2230 1180 2256 cf.
1196 2230 1250 2258 Eb.
1270 2230 1284 2256 I
1305 2231 1368 2264 696,
1383 2231 1400 2257 2
1415 2238 1441 2257 a.

1 2317 23 2322 -.
167 2285 190 2322 ³)
210 2286 322 2314 Locum
343 2288 469 2315 similem
489 2288 549 2315 1111
563 2289 618 2315 234
639 2304 674 2308 -
696 2289 794 2324 agitur
814 2287 850 2314 de
871 2288 1025 2314 enuntiato
1046 2286 1201 2322 temporali
1223 2302 1256 2306 —
1279 2295 1331 2314 suo
1352 2288 1415 2314 iure
1430 2287 1590 2315 Schneider

49 2333 186 2361 correxit.
