1714 2583
77 75 198 119 vide03
225 75 271 110 cf.
291 75 501 112 Schneideri
526 81 647 110 notam
672 76 720 110 ad
744 75 918 111 Nicandri
944 76 1051 112 Ther.
1070 76 1152 121 285,
1178 77 1239 123 qui
1263 77 1382 112 adfert
1405 77 1524 124 Apoll.
1541 62 1706 126 HEt-231*-

77 131 147 166 323
173 137 209 166 et
234 132 314 167 366.

193 189 299 234 Quod
330 190 376 225 ad
407 189 603 236 particulas
634 189 770 225 adtinet
801 202 883 225 cum
912 189 994 227 ἐπεί
1024 190 1156 226 causali
1189 191 1411 236 coniunctas,
1442 190 1617 227 habemus

79 246 170 282 1148
195 246 277 283 ἐπεί
300 248 341 283 νύ
365 260 423 283 τοι
458 247 519 294 (cf.
548 247 665 295 Apoll.
691 247 710 282 I
738 247 840 293 1290,
876 247 997 292 Quint.
1024 248 1078 284 VI
1104 247 1201 295 385),
1238 247 1330 283 1162
1362 247 1442 284 ἐπεὶ
1466 253 1535 293 νῦν,
1569 248 1643 293 adv
1677 255 1679 259 ’

79 317 185 352 quem
202 318 346 340 versum
366 305 595 341 Hermannus
614 305 704 341 haec
722 304 884 341 adnotat:
911 306 950 341 ‘si
979 305 1070 342 bene
1096 306 1285 341 observavi
1313 306 1638 351 consuetudinems

77 367 174 397 recte
200 362 281 398 ἐπεί
305 366 343 398 νύ
368 359 403 399 οἱ
423 391 429 398 .
451 391 456 398 .
478 391 485 398 .
504 364 700 409 repositum
725 361 801 399 est'.
846 363 909 398 sed
934 364 963 398 si
990 364 1034 398 de
1062 363 1318 399 consuetudine
1344 364 1486 399 omnino
1505 363 1617 399 verba

77 420 155 454 fieri
180 427 338 467 possunt,
364 417 444 455 ἐπεί
460 423 498 455 νύ
515 433 573 456 τοι
598 420 844 466 reponendum
861 426 947 455 erat.
974 421 1144 456 Wielium
1162 422 1236 455 sine
1255 432 1364 455 causa
1380 420 1476 455 hunc
1500 420 1618 456 locum
1695 460 1698 464 ,

77 478 283 512 immutasse
313 476 501 524 adparebit
531 490 578 512 ex
612 479 687 512 eius
713 478 825 524 ipsius
852 477 972 513 verbis
999 478 1052 525 (II
1077 477 1154 525 22):
1190 477 1288 513 ‘illud
1308 476 1397 514 ἀἰέν
1430 482 1466 512 et
1498 478 1617 525 ipsum

79 535 154 568 sine
189 546 296 569 sensu
327 540 362 568 et
393 535 648 570 sententiarum
682 546 872 581 rerumque
905 536 1158 570 continuationi
1190 546 1394 581 repugnans
1429 533 1616 582 displicet’.
1684 539 1714 546 ‘⁴

78 596 115 625 at
140 603 256 625 nonne
282 591 320 626 id
346 593 572 638 interpretari
598 603 786 638 possumus
812 592 1004 627 vernacule
1039 592 1102 627 ‘da
1128 603 1197 627 von
1222 592 1314 639 jetzt
1338 604 1384 627 an
1410 592 1534 627 immer
1559 590 1632 626 die‘
1653 629 1655 631 ¹
1696 628 1714 633 ,-

79 648 211 695 Erinys
246 648 475 694 nachfolgt'?
537 654 611 683 tum
649 650 767 695 pergit
800 648 952 684 Wielius
989 648 1043 683 his
1082 649 1218 684 verbis:
1269 648 1477 684 ‘Oribellius
1509 647 1618 683 habet
1682 641 1688 671 Ῐ

79 706 166 741 ‘fera
191 706 373 753 Erinnys',
408 706 502 741 unde
529 712 654 753 poetae
681 706 940 742 restituendum
966 712 1019 741 est
1052 705 1132 742 ἐπεὶ
1161 711 1220 743 νῦν
1249 707 1327 755 αἰνὴ
1352 704 1514 754 Ἔριννύς,
1548 698 1617 740 nisi

78 765 241 810 graviore
268 766 461 800 mutatione
488 764 646 800 scribere
673 764 773 800 malis
798 763 1059 811 ἐπειγομένοισὶ
1082 761 1116 800 τ’
1134 761 1196 809 'E.‚
1223 776 1306 799 cum
1331 765 1439 799 etiam
1463 769 1521 800 νῦν
1546 776 1615 799 non

77 821 184 856 valde
210 822 374 867 placeat.⁷
425 822 521 856 idem
547 834 581 867 p.
602 822 620 855 7
658 823 692 856 in
719 834 752 855 v.
775 822 867 855 1148
900 826 959 856 νῦν
992 823 1116 867 reponi
1141 822 1229 865 vult,
1256 833 1338 856 cum
1363 822 1456 855 inter
1479 833 1616 867 versus,

79 890 229 925 quorum
256 880 420 925 ‘primam
446 885 481 914 et
506 879 656 914 alteram
683 880 799 926 quarti
824 879 927 926 pedis
952 879 1081 915 thesim
1108 891 1215 914 voces
1241 878 1506 925 monosyllabae
1530 877 1617 913 obti-

79 942 176 980 nent,
203 941 371 983 quattuor
400 942 540 971 tantum
567 942 713 972 careant
738 948 887 971 caesura
911 937 1186 983 semiquinaria.'
1213 937 1276 971 sed
1306 948 1392 971 num
1417 935 1467 970 illi
1491 930 1617 971 versus
1684 966 1687 968 .

78 1014 124 1018 —
151 992 232 1027 dico
258 993 339 1037 656,
369 993 471 1038 1044,
500 993 589 1029 1091
617 1015 663 1019 —
689 999 880 1040 propterea
905 993 1117 1028 immutandi
1143 994 1224 1036 sint,
1250 1005 1317 1039 ego
1343 992 1488 1040 quidem
1511 991 1615 1027 vehe-

79 1055 218 1085 menter
243 1050 378 1087 dubito.

195 1108 344 1143 Praeter
377 1109 424 1152 ὡς
454 1114 491 1143 et
522 1108 604 1144 ἐπεί
634 1121 740 1143 sensu
772 1108 905 1144 causali
936 1111 1070 1153 οὕνεκα,
1085 1147 1088 1150 Δ
1106 1108 1199 1156 quod
1231 1108 1363 1152 Quinto
1395 1108 1450 1143 ‘in
1482 1107 1618 1142 deliciis

80 1165 144 1200 est'
172 1165 233 1213 (cf.
253 1166 431 1213 Koechlyi
456 1172 576 1201 notam
602 1167 648 1201 ad
666 1166 740 1201 IIII
760 1166 855 1212 128),
882 1172 1073 1213 usurpatur
1100 1166 1165 1201 177
1193 1172 1228 1201 et
1245 1165 1352 1213 4951)
1379 1178 1460 1201 cum
1484 1165 1639 1200 indica-.

79 1224 152 1257 tivo
179 1224 425 1268 coniunctum3
453 1224 498 1258 cf.
517 1223 634 1270 Apoll.
661 1224 678 1258 I
696 1223 776 1268 615,
803 1223 858 1258 III
875 1223 957 1268 246,
983 1224 1063 1269 334,
1090 1223 1172 1269 470,
1198 1223 1279 1268 626,
1308 1223 1410 1268 1125,
1436 1222 1510 1257 IIII
1536 1221 1616 1267 793,

82 1280 185 1325 1032,
212 1280 300 1316 Call.
327 1280 363 1315 ΙΙ
389 1281 445 1326 97,
472 1281 527 1315 III
552 1281 633 1328 236,
659 1281 733 1315 1111
758 1281 816 1328 53,
833 1281 891 1328 57,
917 1281 998 1328 247,
1024 1281 1194 1317 Nicandr.
1219 1281 1324 1316 Ther.
1351 1280 1433 1325 484,
1462 1279 1517 1315 Al.
1535 1279 1617 1325 407,

80 1338 160 1373 620.
207 1338 297 1374 aliae
325 1340 590 1374 coniunctiones
617 1339 777 1374 causales
803 1351 874 1374 non
898 1339 1066 1385 leguntur
1090 1340 1127 1374 in
1153 1338 1417 1385 Argonauticis.

195 1396 330 1442 Restat,
362 1402 401 1431 ut
426 1408 543 1442 pauca
567 1396 700 1431 addam
727 1396 771 1431 de
796 1396 980 1443 particulis
1011 1397 1047 1431 in
1073 1396 1218 1443 apodosi
1245 1396 1507 1431 enuntiatorum
1532 1400 1618 1429 tem—

80 1453 254 1499 poralium
280 1455 413 1500 positis
425 1454 453 1501 2)
505 1459 586 1488 sunt
611 1460 730 1489 autem
756 1454 839 1489 hae:
872 1454 915 1501 δὴ
939 1455 1019 1489 τότε
1045 1454 1126 1499 355,
1154 1453 1221 1488 887
1251 1453 1313 1499 (cf.
1338 1455 1386 1488 M
1410 1453 1465 1496 13,
1491 1464 1511 1497 y
1535 1451 1617 1496 269,

80 1510 178 1557 342),
215 1511 257 1558 δή
282 1513 325 1557 ῥα
356 1509 432 1546 τότ’
460 1511 551 1546 1143
586 1511 647 1557 (cf.
676 1511 710 1546 Ω
735 1511 833 1557 448),
866 1510 926 1546 καὶ
957 1512 1038 1547 τότε
1073 1511 1115 1558 δή
1149 1510 1218 1545 366
1253 1509 1315 1556 (cf.
1344 1511 1376 1546 Θ
1401 1508 1457 1554 68,
1490 1509 1512 1545 δ
1535 1508 1617 1552 431,

81 1582 93 1603 ι
119 1567 193 1614 58),
220 1567 280 1603 καὶ
304 1569 385 1603 τότε
413 1568 504 1602 1339
537 1568 599 1615 (cf.
626 1568 646 1611 ζ
672 1568 752 1612 297,
779 1581 791 1602 ι
818 1568 899 1612 250,
925 1581 945 1602 κ
971 1567 1052 1612 346,
1078 1581 1100 1603 τ
1125 1567 1220 1613 251),
1255 1571 1334 1603 τότε
1362 1566 1454 1601 1222
1489 1565 1551 1613 (cf.
1577 1568 1620 1601 A

84 1625 162 1669 191,
189 1625 286 1671 206),
313 1624 437 1661 αὐτίκα
464 1625 544 1669 760,
572 1625 640 1659 708
670 1622 756 1671 (ἄρ’)
786 1625 847 1671 (cf.
874 1627 906 1659 B
932 1625 1012 1668 661,
1038 1637 1059 1670 γ
1082 1624 1163 1669 447,
1190 1637 1210 1660 ο
1236 1623 1309 1671 92),
1341 1621 1431 1660 ἔνθα
1456 1623 1524 1657 991
1554 1622 1616 1670 (cf.

80 1685 121 1717 Π
145 1682 227 1727 462,
253 1686 288 1717 Ζ
310 1682 407 1729 242),
433 1688 542 1731 τῆμος
567 1682 648 1727 303,
674 1682 745 1717 512
771 1681 834 1729 (cf.
861 1697 879 1716 ν
904 1681 960 1728 93,
987 1684 1029 1717 Λ
1054 1681 1126 1729 84).
1169 1682 1214 1716 de
1239 1694 1273 1716 V.
1300 1681 1391 1716 1339
1416 1680 1506 1716 haec
1532 1680 1619 1715 dicit

81 1740 208 1774 Sitzler
234 1740 345 1774 ‘1339
372 1741 417 1774 ist
442 1741 535 1774 nach
562 1741 627 1774 der
652 1740 840 1785 standigen
866 1739 1077 1786 Uebung(?)
1103 1751 1250 1774 unseres
1275 1738 1444 1773 Dichters
1471 1739 1513 1786 δὴ
1537 1739 1618 1773 τότε

81 1802 165 1831 statt
190 1796 248 1832 καὶ
273 1798 354 1832 τότε
379 1810 424 1832 zu
449 1797 649 1832 schreiben.
702 1796 807 1831 Auch
834 1797 969 1831 Homer
994 1796 1055 1831 hat
1086 1795 1146 1831 καὶ
1175 1799 1257 1832 τότε
1288 1795 1393 1830 allein
1428 1794 1528 1830 nicht
1560 1806 1618 1841 ge-

81 1854 245 1899 braucht,
272 1867 332 1889 um
359 1854 428 1889 den
454 1853 634 1889 Nachsatz
661 1853 895 1889 einzuleiten.'
929 1853 991 1888 sed
1017 1853 1085 1888 loci
1111 1853 1290 1899 homerici,
1317 1864 1405 1899 quos
1430 1852 1534 1888 modo
1559 1850 1618 1887 ad-

198 1980 219 2014 1)
242 1980 276 2006 V.
292 1981 347 2006 495
367 1989 428 2015 sqq.
457 1989 523 2006 cum
545 1981 592 2006 vix
619 1979 708 2006 aliter
732 1979 829 2014 accipi
854 1979 966 2014 possint
986 1982 1077 2013 atque
1097 1979 1149 2012 ita,
1173 1981 1206 2005 ut
1228 1977 1386 2005 Cribellius
1406 1986 1457 2004 eos
1477 1977 1620 2012 expressit

82 2027 238 2054 vertendo:

425 2065 530 2100 ‘Atque
550 2073 610 2092 una
630 2065 749 2099 Minyae
770 2064 886 2099 reliqui·
899 2067 1089 2090 monumenta
1109 2064 1260 2091 Minervae

424 2113 532 2140 Erecto
553 2112 712 2139 aedificant
732 2120 812 2146 saxo,
832 2111 1046 2147 pulcherrimus
1067 2112 1145 2139 unde

425 2162 527 2188 Manat
548 2160 584 2188 ab
606 2160 742 2188 Artaciae
763 2160 958 2196 nympharum
980 2168 1101 2187 munere
1121 2168 1240 2195 gurges,

425 2210 513 2237 Dona
533 2209 606 2236 deae
628 2210 766 2245 quoniam
789 2217 841 2244 per
862 2217 992 2235 concava
1014 2208 1114 2235 littora
1133 2209 1216 2244 ponti

424 2258 675 2293 Hellespontiacis
695 2258 785 2284 facies
806 2258 903 2283 arrisit
923 2258 953 2283 in
975 2257 1069 2283 undis'

82 2327 203 2362 adparet
225 2326 302 2353 haud
323 2329 402 2353 recte
423 2326 459 2353 ab
480 2325 653 2353 Hermanno
675 2328 703 2352 et
723 2324 828 2352 Abelio
850 2324 935 2351 colon
956 2324 1025 2360 poni
1046 2327 1114 2351 ante
1134 2322 1220 2351 ἔνθα.

200 2384 221 2418 ²)
244 2384 353 2410 Versus
374 2384 442 2417 cito,
464 2384 494 2409 in
516 2382 623 2418 quibus
643 2383 812 2409 coniunctio
833 2382 951 2417 legitur.
