1714 2583
101 0 140 12 ¹⁸¹
1401 0 1404 2 ·
1440 15 1452 33 ,ἰ
1481 0 1548 33 »ςερι
1604 14 1663 41 ‘w

1524 34 1532 43 ¹-
1636 35 1644 44 ἱ

93 82 251 129 gedacht
269 82 412 118 werden
438 95 546 126 muss,
572 82 687 118 durch
713 82 770 117 die
787 82 913 118 alteste
932 82 961 117 F
962 81 1191 130 inalpartikel
1215 83 1366 126 (39:⁸0
1392 82 1581 130 hingewi-
1601 90 1678 113 .“’“’

94 139 195 186 wird,
220 140 295 176 also
321 145 431 176 etwa:
475 153 514 176 er
539 141 634 175 sinnt
659 144 768 176 etwas
793 153 869 185 aus,
896 152 934 175 so
960 140 1029 176 will
1055 152 1094 175 er
1118 139 1259 187 gesund
1284 139 1450 177 werden’.
1501 146 1540 178 ut
1563 137 1696 198 fam-“2r

93 209 205 231 unum
237 197 325 232 illud
359 197 533 232 eiusmodi
567 197 773 243 exemplum
806 209 852 231 ex
887 198 1150 242 Aigonautici8‚
1184 196 1279 243 quod
1313 197 1388 231 sine
1421 197 1531 233 dubio
1564 192 1672 247 hue-‚21

93 254 258 302 pertinet,
289 253 462 301 adferam,
492 253 644 301 legimus
670 266 729 289 vv.
754 252 823 289 889
841 266 892 301 sq.
925 254 967 302 δὴ
996 257 1075 291 τότε
1101 249 1137 291 οἱ
1166 255 1256 291 κατὰ
1282 255 1396 302 θυμὸν
1425 252 1634 304 ἐμηδόμεθῗ,

93 312 188 360 ὄφρα
212 313 376 358 μολόντες
403 312 408 358 Ι
430 310 520 359 ἀμφ’
536 309 629 360 ιερῆς
653 315 779 360 φηγοῖο
805 311 906 358 δέρας
930 315 1088 359 χρύσειον
1111 311 1253 358 ἕλωμεν,
1280 312 1325 347 de
1351 324 1420 359 quo
1445 312 1523 348 loco
1548 324 1634 349 sane
1659 307 1675 333 ἶ

94 368 224 413 valent,
251 381 342 416 quae
368 368 504 404 WVeber
530 369 638 404 habet
664 369 682 404 I
710 368 768 403 12:
804 368 983 404 ‘Werden
1007 381 1081 404 nun
1106 369 1164 404 die
1190 367 1320 404 beiden
1346 368 1451 404 Satze
1477 369 1542 405 mit
1564 369 1635 405 ein·
1678 371 1714 413 ξ

93 426 206 462 ander
228 427 452 472 verbunden,
480 439 518 462 so
543 439 641 462 muss
666 439 704 462 es
729 426 992 462 unwillkiirlich
1018 427 1156 462 nahezu
1172 427 1238 462 wie
1264 427 1322 462 ein
1347 427 1553 473 Fragewort
1576 438 1635 474 ge·
1649 414 1714 469 ἶν’-,4

94 484 186 518 fuhlt
210 484 365 529 werden,
401 484 458 518 die
485 484 834 529 Willensausserung
867 485 942 518 tritt
975 484 1123 527 zurUck,
1158 484 1262 518 dafiir
1292 484 1356 518 der
1380 484 1540 518 Hinweis
1572 484 1640 528 auf
1686 484 1714 528 212

95 541 159 576 das
185 540 371 577 Eintreten
402 540 466 576 des
492 539 691 577 Gewollten
716 553 790 577 vor.
842 540 918 577 Das
945 540 1041 576 ‘’will
1069 540 1157 576 wird
1182 554 1227 577 zu
1251 541 1366 578 einem
1393 540 1522 577 ‘kann'
1549 540 1636 578 oder
1684 540 1714 585 ,ὦ

95 599 224 633 ‘wird’.
274 599 350 633 Fur
383 599 453 633 den
479 604 596 633 ersten
629 599 706 633 Fall
743 599 871 633 dienen
906 599 963 633 die
988 598 1174 633 Partikeln
1207 598 1265 634 κέν
1291 599 1362 633 und
1395 599 1448 642 ἄν,
1481 598 1540 633 fur
1565 598 1635 633 den
1658 599 1702 637 ²22

94 656 244 690 zweiten
271 655 335 690 das
361 656 391 690 F
393 655 559 691 uturum.’
610 667 657 690 ex
685 655 871 702 Apollonio
898 655 1049 691 conferri
1076 661 1223 703 possunt
1255 655 1311 691 ΙΙΙ
1339 655 1430 692 1134
1462 655 1543 693 τόδε
1567 656 1635 705 μή·
1686 658 1708 697 21

96 714 178 749 ὁετο
202 710 312 762 (Ἡρη,
336 715 340 758 Ι
367 713 460 760 ὄφρα
485 715 592 749 κακὸν
619 712 733 762 Πελίῃ
759 710 852 760 ἱερὴν
876 714 912 756 ἐς
937 711 1078 749 Ἰωλκὸν
1101 713 1214 749 ἵκοιτο
1236 713 1241 759 Ι
1264 713 1381 762 Αἰαίη
1407 714 1562 762 Μήδεια,
1589 725 1636 748 ex

96 769 228 813 Quinto
254 770 310 804 III
327 770 395 804 347
422 775 480 805 νῦν
506 767 539 805 δ’
551 769 632 815 ἐμοὶ
656 770 746 805 ἄλλα
769 769 901 817 μέμηλε
925 769 1006 815 περὶ
1032 769 1164 818 φρεσίν,
1192 771 1239 813 ὡς
1255 768 1416 818 Ἀχιλῆος
1436 770 1441 816 Ι
1463 770 1502 805 ἐκ
1526 770 1639 820 φόνουἸ
1685 771 1714 805 ,ξ’

95 826 277 874 ἀργαλέοιο
303 825 400 863 νέκυν
425 828 599 863 Δαναοῖσι
624 828 765 871 σαώσω,
792 827 825 862 V
846 827 912 862 172
938 825 997 863 καί
1021 829 1064 874 ῥά
1087 840 1149 874 μοι
1174 824 1322 864 ἔνδοθεν
1346 825 1430 875 ἦτορ
1454 825 1507 863 ἐνὶ
1530 824 1637 876 φρεσὶ

94 890 204 921 ταῦτα
226 890 378 932 μενοινᾷ,
402 886 406 930 Ι
428 884 521 933 ὄφρα
544 885 783 934 δορυκτήτοισι
809 884 1042 932 δικασπολίην
1063 886 1264 931 ὀπάσωμεν,
1291 885 1337 920 cf.
1356 885 1431 919 XII
1447 884 1528 929 242,
1548 884 1634 930 381;

96 942 149 976 VI
167 942 223 976 34.
259 941 434 976 eiusmodi
460 942 682 976 enuntiatum
709 941 881 976 habemus
907 942 942 975 in
969 941 1057 987 Arg.
1085 953 1143 977 vv.
1163 941 1231 976 937
1251 953 1328 989 sqq.
1355 938 1517 988 ὁιζόμεθ’
1534 937 1636 988 οἶμον
1686 937 1714 989 154³

95 999 247 1035 ἄελπτον
272 998 425 1046 ὀιζυροῖο
451 1000 589 1043 πόνοιο,
625 1000 629 1046 Ι
661 1001 708 1043 ὥς
733 998 772 1035 κε’
795 1013 855 1045 μιν
880 997 1086 1046 Ἀγροτέρην
1110 998 1347 1046 μειλιξάμενοι
1378 998 1633 1046 πεπίθοιμεν,Ι
1686 1012 1707 1034 s·

94 1054 150 1104 ἠδ’
168 1057 215 1099 ὡς
241 1059 335 1104 θῆρα
360 1055 518 1103 πέλωρον
543 1053 722 1103 ἱκοίμεθα,
748 1054 852 1104 τόφρ’
876 1057 1053 1100 ἀνελόντες
1090 1059 1094 1100 Ι
1134 1054 1230 1103 δέρμ’
1248 1057 1555 1104 ἀπονοστήσαιμεν
1578 1055 1636 1104 ἑὴν
1690 1057 1712 1088 2

95 1114 131 1157 ἐς
155 1113 312 1161 πατρίδα
336 1117 449 1160 γαῖαν,
482 1115 511 1148 si
538 1126 618 1149 cum
645 1114 852 1149 Hermanno
878 1119 913 1149 et
939 1113 1066 1149 Abelio
1093 1113 1244 1149 Gesneri
1271 1115 1511 1150 coniecturam
1535 1109 1637 1161 οἶμον
1683 1132 1704 1143 2

96 1171 177 1217 (pro
214 1168 249 1206 οἱ
285 1170 364 1217 μέν)
401 1171 650 1217 amplectimur
679 1177 785 1217 atque
815 1173 864 1206 ita
901 1173 1191 1217 interpretamur:
1240 1172 1316 1206 ‘wir
1349 1171 1497 1206 suchten
1531 1171 1636 1205 einen

96 1227 255 1273 Ausweg
280 1240 344 1262 aus
371 1227 435 1262 der
460 1227 613 1274 Miihsal‚
650 1227 713 1262 der
746 1227 822 1262 sich
855 1227 955 1262 nicht
988 1227 1147 1263 erhoffen
1181 1227 1286 1262 liess!
1337 1227 1487 1263 WVielius
1514 1232 1637 1263 contra

96 1285 174 1320 154
200 1287 345 1333 opponit
370 1285 587 1321 vocabulum
611 1281 711 1333 οἶμος
736 1286 822 1321 nihil
848 1298 924 1321 esse
943 1286 1010 1321 nisi
1035 1286 1184 1321 latinum
1211 1286 1302 1331 ‘via'‚
1329 1286 1396 1321 hoc
1413 1291 1534 1321 autem
1558 1285 1636 1321 loco

99 1342 294 1378 desiderari
320 1355 457 1387 vocem,
493 1355 585 1390 quae
619 1343 796 1389 significet
828 1343 923 1378 idem
957 1343 1051 1389 quod
1085 1343 1234 1378 latinum
1268 1343 1461 1389 ‘dewi-sus,
1496 1342 1635 1378 exitus'.

97 1412 188 1447 quae
214 1405 311 1436 recte
339 1412 375 1435 se
411 1400 544 1436 habere
571 1401 656 1436 mihi
682 1400 861 1436 videntur.
911 1400 980 1436 tale
1006 1401 1114 1447 igitur
1140 1400 1413 1446 substantivum,
1445 1400 1540 1448 quod
1565 1412 1637 1437 non

96 1459 199 1494 nimis
225 1471 246 1493 a
271 1458 436 1493 codicum
453 1459 614 1504 vestigiis
640 1458 828 1506 recedat1),
856 1459 1100 1505 quaerendum
1126 1464 1189 1494 est.
1222 1458 1317 1506 quod
1342 1459 1428 1494 dum
1451 1459 1636 1493 inventum

97 1516 178 1559 erit,
213 1527 393 1550 sumamus
426 1515 642 1550 vocabulum
675 1512 776 1561 οἶμος
812 1527 918 1550 sensu
952 1515 1090 1551 insolito
1125 1520 1334 1562 usurpatum
1368 1527 1457 1550 esse.
1516 1514 1638 1550 Wielii
1698 1521 1714 1557 *25

96 1573 190 1607 enim
217 1575 428 1608 sententiam
455 1572 676 1608 substantivo
703 1585 790 1620 opus
815 1586 887 1608 non
911 1585 990 1608 esse
1014 1573 1215 1620 probarem,
1248 1574 1277 1608 si
1295 1574 1497 1608 coniectura
1523 1577 1637 1608 osten·
1702 1565 1707 1582 ³

98 1629 207 1664 disset
245 1630 364 1665 locum
397 1631 470 1665 sine
505 1630 730 1665 substantivo
769 1631 931 1676 expediri
966 1643 1078 1677 posse.
1142 1631 1267 1677 quodsi
1303 1630 1478 1677 διζόμεθα
1513 1630 1560 1665 ad
1593 1642 1636 1665 ea
1702 1630 1714 1679 ζ

98 1699 189 1733 quae
216 1684 438 1733 praecedunt
463 1687 573 1722 refert
597 1693 633 1722 et
658 1687 782 1722 scribit
807 1684 842 1723 οἱ
866 1689 929 1734 μὲν
953 1688 1133 1731 ἀέλπτεον,
1161 1687 1325 1735 displicet
1349 1687 1436 1722 illud
1462 1686 1637 1734 διζόμεθα
1668 1692 1673 1696 ’

97 1745 192 1780 nude
218 1746 383 1791 positum,
410 1745 575 1792 displicet
601 1745 715 1781 forma
741 1746 912 1781 enuntiati
938 1745 983 1780 ab
1009 1746 1056 1789 ὡς
1081 1745 1292 1791 incipientis,
1326 1757 1407 1779 cum
1432 1746 1468 1780 in
1493 1744 1637 1791 reliquis

97 1802 202 1837 huius
229 1803 395 1838 carminis
430 1803 621 1838 enuntiatis
656 1802 883 1839 declarativis
916 1803 1150 1838 indicativum
1182 1802 1252 1849 legi
1278 1802 1486 1848 viderimus,
1521 1813 1636 1849 neque

98 1860 284 1906 probabile
311 1865 365 1895 est
389 1860 526 1908 aliquos
551 1866 690 1896 tantum
716 1861 943 1907 Argonautas
970 1860 1189 1907 desperasse.
1640 1858 1642 1861 ’
1700 1855 1709 1904 J

212 1917 285 1952 Sed
311 1918 380 1952 alia
407 1919 513 1953 etiam
539 1924 620 1953 sunt
651 1919 846 1963 enuntiata,
873 1927 963 1964 quae
989 1919 1074 1964 quin
1100 1917 1235 1953 Weber
1266 1918 1301 1952 in
1326 1916 1421 1952 hunc
1446 1928 1636 1952 numerum
1712 1922 1714 1963 J

98 1974 276 2010 relaturus
295 1976 349 2021 sit,
368 1988 438 2011 non
456 1975 590 2021 dubito,
617 1988 743 2011 versus
761 1976 841 2011 dico
859 1975 903 2010 97
916 1988 966 2022 sq.
992 1974 1027 2011 τί
1044 1989 1087 2022 με
1111 1980 1222 2011 ταῦτα
1238 1976 1507 2023 παραιφάμενος
1530 1972 1637 2022 ἔρεεί-

98 2047 175 2076 νεις,
194 2033 228 2081 Ι’
214 2033 307 2080 όφρα
324 2047 383 2068 κεν
404 2034 440 2076 ἐς
457 2033 617 2078 Κόλχοις
638 2035 794 2076 Μινύαις
810 2034 999 2082 ἐπιήρανος
1019 2030 1128 2077 ἔλθω,
1154 2032 1223 2067 407
1242 2031 1359 2078 χερσὶν
1374 2030 1638 2079 ἐπικροτέοντες
1695 2035 1714 2074 ’ξ

97 2090 274 2137 ὁμόκλεον,
301 2088 382 2139 ὄφρ’
399 2091 442 2126 ἂν
467 2089 571 2137 ἔγωγε
594 2090 598 2137 Ι
621 2090 753 2139 δηρίσω
779 2090 943 2138 Χείρωνι,
969 2090 1036 2125 941
1058 2102 1132 2137 sqq.
1159 2089 1217 2126 καὶ
1241 2091 1321 2126 τότε
1347 2090 1389 2138 δὴ
1414 2091 1502 2136 μετὰ
1526 2092 1638 2125 πᾶσιν
1676 2086 1714 2155 ’ἒ

97 2149 261 2194 ὁμόκλεεν
290 2150 440 2196 ἡρώεσσι
464 2149 467 2194 Ι
493 2150 627 2196 Μόψος
657 2170 702 2175 —
728 2148 748 2184 ὃ
773 2151 836 2196 γάρ
861 2146 893 2184 τ’
911 2149 995 2197 ἐδάη
1022 2154 1155 2197 σφῇσιν
1178 2149 1264 2185 τάδε
1288 2149 1542 2196 μαντοσύνῃσιν
1567 2145 1679 2193 --Ι

215 2342 234 2376 ¹)
257 2340 441 2377 δ’ᾰμβολίην
462 2340 555 2368 τιν’ὀ.
578 2351 617 2375 π.,
639 2342 717 2376 quod
739 2342 864 2369 Wielius
885 2342 942 2369 1111
968 2344 996 2368 11
1020 2342 1087 2368 coll.
1103 2341 1200 2377 Apoll.
1216 2341 1275 2368 1111
1295 2342 1350 2367 369
1372 2341 1532 2375 proposuit,
1554 2341 1635 2366 certe
1685 2326 1714 2381 ὲ

99 2388 217 2425 longius
238 2389 320 2416 abest
341 2397 359 2416 a
379 2390 522 2424 scriptura
544 2389 671 2416 tradita:
1656 2381 1714 2436 Αἴξ
