1714 2583
127 0 172 10 ..Η
1469 2 1481 7 .,
1505 0 1515 16 ,
1536 0 1591 39 2²:¹9⁴,

242 82 430 117 Invenitur
455 83 492 117 in
519 84 771 129 Argonauticis
798 83 1010 127 coniunctio,
1044 95 1136 130 quae
1161 84 1211 119 ita
1240 88 1416 131 usurpata
1439 84 1486 120 ab
1515 66 1714 134 Homegq

127 140 245 174 aliena
263 145 298 173 et
315 140 525 175 recentioris
544 141 672 175 aetatis
694 141 839 187 propria
857 145 911 175 est
937 140 999 188 (cf.
1018 141 1153 187 Bergk,
1179 140 1260 176 hist.
1279 140 1345 176 litt.
1364 153 1483 187 graec.
1506 141 1526 176 Ι
1540 136 1584 189 p.
1605 125 1714 179 1355

127 210 161 233 n.
181 196 283 244 218):
308 196 447 245 μέσφα
464 197 533 232 411
547 198 573 245 ¹)
593 197 656 246 (cf.
676 198 793 245 Apoll.
813 198 851 234 ΙΙ
871 197 973 242 1227,
995 198 1097 244 1258,
1116 198 1203 234 Call.
1223 198 1299 234 IIII
1314 197 1373 245 47,
1391 198 1535 246 V1'93),
1552 195 1712 249 μέσᾳῗρἲ

127 256 196 291 ὅτε
224 255 316 289 1232
351 255 413 301 (cf.
437 255 525 290 Call.
552 256 608 291 III
637 256 716 301 195,
742 256 795 291 VI
823 256 902 301 112,
930 256 1052 301 Quint.
1079 257 1135 292 ΠΙ
1161 256 1242 301 623,
1269 256 1342 291 VH
1367 256 1448 302 621,
1475 256 1567 292 VIII
1593 254 1688 302 13⁴4,
1704 267 1714 272 ’·

128 312 239 348 VIIII
257 312 338 356 325,
366 312 440 347 XII
459 312 555 359 296).
583 314 670 348 item
695 315 901 349 recentioris
927 315 1054 349 aetatis
1081 319 1162 349 sunt
1187 313 1384 361 particulae
1410 314 1503 349 inter
1528 326 1566 349 se
1593 325 1673 350 cun—

127 372 285 406 iunctae:
329 369 432 419 ἦμος
462 371 530 406 ὅτε
560 371 643 413 12ος
680 371 724 407 cf.
753 371 869 419 Apoll.
896 372 972 407 IIII
998 371 1078 418 267,
1105 371 1186 417 452,
1216 371 1308 407 1310
1338 376 1373 406 et
1399 372 1503 407 Arati
1528 384 1563 407 V.
1589 370 1672 419 584,
1696 369 1709 409 ⁷,

128 440 198 474 quo
224 428 302 462 loco
328 429 484 474 primum
509 427 598 476 ἦμος
623 429 682 464 ὅτε
708 434 832 463 extare
859 429 903 464 V.
927 429 955 465 Ι.
980 429 1139 464 Loebius
1164 434 1316 464 testatur
1342 429 1416 476 (De
1442 428 1529 464 eloe.
1557 428 1672 464 Arati.
1707 426 1714 473 '3

127 485 230 520 Halis
256 485 341 520 Sax.
372 484 474 530 1864,
502 498 534 532 p.
554 485 662 532 44).2)
706 485 835 533 quibus
868 486 955 521 locis
990 486 1119 521 adlatis
1153 486 1343 534 adparebit
1382 487 1507 533 opinor
1544 486 1673 521 iniuria
1707 502 1714 505 >

128 542 390 577 Schneiderum
414 548 524 590 τῆμος
549 544 608 578 ὅτε
636 544 820 590 scripsisse
845 545 881 578 in
908 544 995 589 Arg.
1023 556 1056 578 V.
1078 544 1156 579 120.

242 608 349 652 Quod
374 609 422 644 ad
448 609 593 644 modum
618 609 767 653 adtinet,
803 611 840 644 in
865 610 911 645 60
937 611 1129 646 enuntiatis
1154 609 1411 658 temporalibus
1439 608 1536 656 (ἐπεί
1561 610 1673 645 vicies
1705 646 1709 648 .

128 666 273 713 legitur)
300 666 513 713 plerumque
539 668 696 702 occurrit
721 667 948 713 indicativus,
977 673 1112 715 quater,
1147 668 1210 703 ubi
1234 669 1270 702 in
1297 668 1480 703 enuntiato
1504 667 1673 718 primario

128 729 272 771 tempus
303 725 513 770 primarium
544 731 613 769 est,
646 726 914 760 coniunctivus:
958 725 1026 760 348
1060 730 1141 772 post
1171 725 1283 773 ὄφρα,
1315 724 1386 760 552
1415 730 1496 772 post
1526 725 1698 771 bndvm„

130 782 223 817 1232
250 788 332 828 post
364 779 472 829 μέσφ’
489 783 584 818 ὅταν.
625 783 669 818 de
695 795 729 817 v.
758 783 850 818 1110
879 784 915 818 in
946 788 1134 830 utramque
1167 788 1307 830 partem
1339 783 1514 830 disputari
1544 787 1672 829 potest,

129 845 251 874 utrum
277 852 386 874 versu
412 839 482 874 348
511 840 637 875 collato
662 841 879 875 retineamus
904 840 986 877 ἐπεί
1009 869 1015 875 .
1042 870 1048 877 .
1074 869 1082 876 .
1105 839 1308 885 ἕξανύσωσι,
1340 841 1441 875 cuius
1473 845 1673 876 structurae

129 909 313 943 perpauca
347 897 514 944 exempla
551 910 597 932 ex
631 898 788 933 Homero
823 898 940 933 adfert
973 898 1028 933 La
1053 898 1175 934 Roche
1208 898 1317 945 (Ann.
1344 910 1464 945 gymn.
1491 898 1612 933 Austr.
1638 909 1677 932 a.»

132 954 235 999 1876,
271 967 306 1000 p.
333 954 404 989 409
423 954 508 1001 sq.):
551 956 593 989 A
617 954 704 1001 478,
744 956 774 991 Ο
800 955 880 1000 363,
913 955 994 1000 680,
1030 958 1072 992 Π
1094 955 1176 1000 453,
1209 959 1235 1001 β
1262 955 1340 999 135,
1374 969 1394 990 υ
1420 954 1476 999 86,
1511 967 1557 989 an
1590 966 1672 990 cum

130 1011 364 1057 Schneidero,
392 1024 496 1058 quem
517 1018 715 1059 sequuntur
731 1013 960 1048 Hermannus
987 1018 1022 1048 et
1038 1013 1199 1058 Abelius,
1221 1025 1434 1060 reponamus
1451 1011 1551 1061 ἐπήν,
1577 1011 1672 1059 quod

129 1071 274 1114 Quinte,
289 1070 349 1115 qui
366 1068 447 1105 ἐπεί
466 1081 546 1104 cum
566 1070 793 1105 coniunctivo
813 1071 1054 1106 consociatum
1071 1082 1142 1105 non
1155 1070 1319 1105 adhibuit
1332 1070 1394 1117 (cf.
1404 1069 1569 1116 Koechly
1583 1068 1671 1115 prol.

127 1140 162 1174 p.
181 1126 392 1172 LXXXV),
419 1127 504 1161 satis
529 1128 651 1161 tritum
678 1133 746 1171 est3
779 1127 823 1163 cf.
850 1128 868 1162 I
894 1127 975 1171 303,
1003 1127 1082 1173 732,
1109 1127 1191 1172 810,
1216 1127 1254 1162 II
1278 1127 1359 1172 445,
1386 1126 1458 1162 VH
1482 1126 1563 1171 213,
1588 1124 1670 1171 298,

127 1185 161 1219 Χ
183 1184 238 1226 34,
266 1183 379 1218 XIIII
397 1183 477 1219 221.
528 1196 644 1230 neque
666 1184 888 1231 Apollonius,
916 1186 945 1219 si
970 1184 1167 1220 Wellaueri
1188 1185 1298 1220 indici
1314 1182 1589 1221 fideshabenda
1606 1187 1669 1227 est,

128 1253 278 1287 usquam
295 1239 376 1276 ἐπεί
393 1240 507 1276 solum
525 1253 606 1276 cum
626 1241 853 1277 coniunctivo
877 1243 1072 1288 coniunxit,
1098 1241 1161 1277 sed
1182 1240 1262 1277 ἐπεί
1278 1255 1317 1277 κε
1335 1241 1372 1276 II
1392 1240 1494 1287 1011,
1516 1240 1573 1275 ΠΙ
1588 1239 1669 1275 579.

127 1305 247 1334 tamen
272 1299 394 1333 nescio
420 1311 466 1333 an
491 1300 527 1333 in
554 1298 718 1334 codicum
743 1298 895 1335 lectione
921 1299 1155 1346 adquiescere
1177 1300 1363 1347 possimus.
1402 1297 1569 1346 exempla
1591 1309 1671 1334 con-

127 1357 278 1392 iunctivi
296 1368 378 1391 cum
396 1356 439 1392 ἄν
455 1357 514 1391 vel
530 1370 569 1392 κε
588 1358 767 1392 coniuncti
785 1363 821 1392 et
837 1357 974 1405 absque
996 1357 1065 1392 illis
1083 1357 1266 1404 particulis
1283 1358 1320 1392 in
1334 1358 1524 1392 enuntiatis
1537 1361 1670 1403 tempo·
1708 1403 1711 1407 ἱ

127 1415 262 1450 ralibus
276 1415 380 1461 positi
395 1419 430 1449 et
448 1427 493 1449 ex
507 1414 664 1449 Homero
679 1420 714 1449 et
728 1427 747 1449 e
761 1414 1016 1461 posterioribus
1034 1415 1144 1461 epicis
1161 1416 1236 1461 pe'ti
1253 1419 1401 1462 possunt
1417 1415 1500 1449 satis
1513 1413 1668 1461 multa.³)

127 1474 307 1519 optativus
325 1472 526 1518 praesentis
545 1472 654 1506 semel
672 1477 832 1518 tempore
857 1473 1048 1519 praeterito
1073 1472 1309 1507 antecedente
1335 1472 1561 1518 coniungitur
1586 1483 1668 1506 cum

126 1529 221 1576 πρίν,
249 1541 340 1576 quae
367 1534 546 1564 structura
572 1528 727 1564 Sturmio
753 1529 803 1576 (p.
831 1529 899 1564 145
917 1529 1011 1577 sqq.)
1036 1527 1127 1564 teste
1152 1530 1332 1564 rarissima
1358 1534 1420 1564 est.
1470 1529 1568 1575 apud
1592 1528 1669 1563 Ho-

127 1599 266 1623 merum
292 1586 402 1621 semel
434 1586 486 1633 (Φ
512 1585 598 1634 580)
626 1588 824 1633 optativum
850 1588 971 1622 aoristi
995 1587 1163 1634 legimus3
1207 1588 1359 1632 omnino,
1386 1588 1446 1633 qui
1471 1586 1669 1633 optativum

242 1772 264 1807 ¹)
286 1772 423 1799 Editores
448 1772 499 1806 qui
525 1771 567 1797 sic
595 1772 826 1806 interpungunt:
860 1769 924 1797 ἀλλ’
945 1769 1005 1806 ἐγὼ
1031 1770 1066 1797 οὐ
1091 1770 1331 1807 πιθόμην-πέρι
1357 1772 1415 1807 γάρ
1440 1780 1496 1806 μοι
1516 1770 1668 1805 ἐπήλυθεν

127 1819 226 1854 αἰδώς,
246 1821 249 1856 Ι
268 1819 433 1856 ὁπλότερον
454 1821 592 1855 γεγαῶτα
615 1819 777 1855 γεραιτέρῳ
799 1818 1006 1855 ἰσοφαρίζειν·
1025 1818 1029 1853 Ι
1046 1816 1141 1855 μέσφ’
1162 1818 1252 1849 αὐτὸς
1265 1820 1385 1855 Χείρων
1399 1818 1544 1845 ἐλιλαίετο
1563 1819 1617 1845 καί
1632 1815 1667 1855 μ’

126 1869 253 1896 ἀέκοντα
277 1868 281 1903 Ι
305 1866 415 1904 ἠνώγει
439 1865 542 1903 ᾄδοντ’
569 1866 762 1905 ἐριδαίνεμεν
789 1867 831 1893 ita
853 1866 960 1903 μέσφα
986 1867 1119 1902 accipere
1145 1866 1291 1900 videntur,
1316 1869 1350 1893 ut
1374 1866 1549 1902 respondeat
1573 1865 1667 1893 latino

126 1917 267 1950 *interea',
289 1924 347 1951 quo
373 1915 459 1941 modo
481 1915 558 1950 apud
584 1915 657 1941 Call.
680 1915 756 1941 V55
782 1918 954 1949 usurpatum
982 1918 1034 1941 est.
1075 1922 1140 1941 meo
1166 1914 1285 1950 quidem
1310 1914 1420 1942 iudicio
1445 1914 1536 1941 verba
1559 1913 1629 1942 inde
1648 1921 1667 1941 a

126 1965 194 2000 πέρι
213 1971 309 1999 usque
329 1963 366 1989 ad
387 1961 420 1999 μ’
436 1963 562 1989 ἀέκοντα
583 1962 766 1998 parenthesis
786 1962 852 1989 loco
874 1962 1010 1989 habenda
1024 1965 1054 1989 et
1068 1966 1166 1989 cetera
1186 1963 1228 1989 ita
1247 1962 1468 1998 interpretanda
1487 1965 1570 1989 sunt:
1596 1962 1666 1990 ‘non

126 2000 339 2047 obtemperavi,
360 2011 429 2037 dum
451 2010 560 2037 Chiron
581 2011 644 2045 ipse
665 2010 826 2045 cupiditate
847 2013 950 2045 captus
970 2010 1096 2036 invitum
1117 2018 1164 2037 me
1185 2013 1274 2037 cantu
1294 2013 1406 2038 certare
1426 2009 1529 2037 iussit'.

240 2079 264 2114 ²)
286 2078 399 2105 Addam
426 2077 456 2110 ἐξ
482 2072 519 2104 οὗ
546 2080 575 2104 et
603 2077 698 2105 εἰσόκε
731 2077 779 2113 (cf.
807 2077 979 2104 Schneideri
1005 2080 1104 2104 notam
1136 2077 1172 2104 ad
1199 2077 1272 2105 Call.
1299 2078 1358 2105 1111
1381 2078 1434 2105 150
1460 2080 1490 2104 et
1515 2077 1616 2111 Quint.
1636 2076 1666 2104 11

125 2129 171 2161 30,
194 2127 256 2161 74),
278 2134 355 2162 quae
385 2126 464 2162 apud
488 2126 649 2153 Homerum
683 2126 723 2152 ‘in
747 2134 835 2153 verae
866 2126 1082 2153 coniunctionis
1112 2129 1209 2161 partes
1233 2124 1376 2160 veniunt,⁷
1406 2126 1437 2152 in
1461 2125 1667 2161 Argonauticis

125 2184 184 2202 non
205 2175 274 2210 legi.

241 2241 265 2277 ³)
287 2241 353 2269 Hac
374 2241 529 2268 occasione
550 2241 619 2268 data
639 2249 745 2268 moneo
766 2241 910 2276 Kruegeri
931 2241 1096 2269 sententiae
1116 2249 1237 2277 gramm.
1258 2248 1382 2277 graecae
1397 2241 1427 2268 Π
1446 2241 1492 2274 54,
1516 2240 1560 2274 16,
1575 2240 1590 2266 1
1612 2246 1666 2267 ue·
1709 2264 1714 2267 .

124 2291 223 2326 gantis
244 2299 310 2316 cum
332 2289 480 2325 particula
501 2289 576 2326 ἦμος
597 2298 736 2325 umquam
758 2290 980 2317 coniunctivum
1002 2290 1164 2317 consociari
1183 2289 1331 2316 adversari
1352 2287 1371 2316 δ
1384 2289 1449 2323 400,
1470 2288 1507 2315 de
1521 2296 1579 2324 quo
1598 2287 1665 2315 loco

124 2338 160 2364 cf.
184 2338 228 2364 La
249 2337 349 2364 Roche
374 2337 393 2364 1.
414 2346 436 2364 s.
459 2346 482 2364 c.
504 2347 532 2373 p.
551 2338 618 2372 410,
648 2339 699 2373 qui
724 2338 754 2364 in
776 2346 803 2365 v.
820 2338 873 2364 169
899 2337 997 2373 hymn.
1024 2338 1055 2363 in
1075 2337 1150 2365 Ven.
1171 2345 1290 2373 quoque
1315 2337 1537 2364 coniunctivum
1562 2336 1679 2373 reponi·
1700 2331 1704 2333 ’

125 2385 198 2413 vult.
240 2385 319 2422 apud
339 2385 519 2413 Nicandrum
541 2386 643 2412 inveni
666 2385 741 2422 ἦμος
756 2407 761 2413 .
779 2408 784 2413 .
822 2385 911 2424 ε’ὕδῃς
931 2385 996 2421 (Τ11.
1019 2385 1067 2420 23)
1089 2388 1118 2412 et
1140 2384 1215 2422 ἦμος
1235 2384 1365 2424 τύψῃσιν
1386 2384 1452 2421 (Th.
1474 2383 1550 2422 830).

1672 2486 1714 2519 νε»

1682 2521 1714 2552 ⁵5:32³
