1714 2583
99 84 227 119 stehen
253 84 396 127 kamen,
423 83 592 117 eintratP'
637 82 778 117 accedit
803 94 887 117 usus
913 82 1114 117 homericus
1140 82 1239 116 vocis
1263 78 1429 117 ἐπιθύειν
1454 81 1500 128 (Σ
1516 73 1711 130 ,175,ξ)’“ξψ.

97 140 133 176 h.
156 140 268 176 Mero.
294 140 382 187 475)
414 145 449 175 et
479 140 630 175 fortasse
661 139 752 174 falsa
784 139 948 185 analogia
973 139 1096 186 dativi,
1124 139 1223 174 cuius
1253 152 1266 174 ι
1291 138 1437 184 longum
1461 128 1714 176 invenitur-⁴22:

102 199 200 245 apud
233 198 449 241 Homerum3
492 197 538 232 cf.
565 196 691 232 Hartel
725 197 747 233 l.
776 209 806 232 c.
833 209 867 243 p.
892 196 938 232 56
953 209 1029 244 sqq.
1080 201 1268 244 praeterea
1300 195 1433 232 addam
1468 194 1668 233 eiusmodi⁵
1701 203 1703 205 ’

99 255 354 303 productiones
389 256 597 301 saepissime
631 259 670 289 ut
703 254 757 289 his
792 266 880 301 quos
912 259 1105 304 tractamus
1138 254 1223 289 locis
1255 253 1333 289 fieri
1365 255 1400 290 in
1433 253 1547 290 altera
1571 255 1643 291 arsi
1670 274 1674 277 ’

98 318 134 349 et
167 312 297 348 cadere
333 313 370 348 in
403 325 528 347 vocem
562 311 845 359 pyrrhichicam3
889 311 934 347 cf.
970 312 1104 358 Rzach,
1137 312 1239 347 Neue
1273 312 1384 348 Beitr.
1411 325 1471 359 pp.
1495 311 1567 348 320
1589 324 1640 360 sq.
1700 309 1712 316 Ὺ

99 376 133 405 et
168 371 251 405 330.
303 376 338 405 et
364 370 514 405 Wielius
549 370 567 404 I
592 382 627 416 p.
652 369 708 416 22,
742 369 806 404 ubi
840 370 885 404 de
920 382 953 404 v.
975 369 1043 404 184
1079 370 1161 415 egit,
1195 369 1404 416 Hermanni,
1441 381 1548 416 quam
1581 369 1641 405 ille

97 440 132 474 p.
152 427 220 462 697
256 428 451 473 proposuit,
488 427 662 461 sententia
697 426 824 461 collata
849 427 886 461 in
920 427 1062 461 nomine
1092 427 1235 473 proprio
1264 426 1422 473 aliquam
1447 427 1642 463 excusatio-

97 496 180 520 nem
215 485 331 520 inesse
364 484 515 531 putavit.
575 484 686 530 siquis
719 488 840 518 autem
872 483 909 518 in
945 495 986 518 eo
1019 483 1154 526 haeret,
1186 484 1281 531 quod
1315 485 1352 518 in
1385 484 1453 519 hac
1486 496 1558 519 una
1590 496 1641 530 re,

98 541 193 588 quod
227 541 274 577 ad
309 541 581 588 productionem
615 539 835 587 syllabarum
870 540 1021 587 adtinet,
1061 540 1107 575 ab
1141 553 1209 576 usu
1241 540 1422 576 homerico
1454 543 1643 578 recesserit
1690 535 1692 538 ’

97 599 424 646 Argonauticorum
458 599 621 645 scriptor,
657 597 777 644 relego
811 610 893 633 eum
927 610 957 634 e.
984 609 1018 644 g.
1046 598 1092 633 ad
1118 599 1384 634 coniunctiones
1409 597 1497 647 ἦμος
1521 598 1579 635 ὅτε
1606 604 1642 635 et
1685 611 1689 613 “

97 656 216 704 μέσφα
243 656 305 702 (cf.
332 655 488 690 indicem
514 656 661 701 rerum),
693 667 782 701 quas
808 654 904 689 idem
930 655 1077 701 singulis
1110 655 1196 690 locis
1221 656 1358 690 ratione
1383 655 1429 690 ab
1461 656 1642 692 homerica

97 725 242 760 prorsus
268 712 483 748 abhorrente
516 713 711 759 usurpavit.
763 712 852 747 duos
883 713 991 759 igitur
1021 712 1098 747 illos
1123 712 1219 747 locos
1245 717 1283 747 ut
1309 713 1538 759 corrigendos
1563 725 1641 749 esse

97 776 232 817 putem,
259 770 356 805 nullo
382 776 488 816 pacto
514 769 684 804 adducor.
728 774 849 815 restat,
875 775 914 804 ut
941 782 1214 806 commemorem
1238 770 1394 817 reliquas
1420 771 1640 817 syllabarum

97 828 134 862 in
161 839 336 863 consonas
363 828 571 861 exeuntium
597 826 849 873 productiones
876 826 938 873 (cf.
957 827 1092 873 Rzach,
1117 826 1219 862 Neue
1245 827 1353 862 Beitr.
1373 840 1432 874 pp.
1451 827 1533 874 381,
1558 827 1659 875 383,-

97 884 200 932 385):
243 884 313 919 506
349 883 549 931 (εἰλίποδας
573 883 689 927 ἕλικας
714 887 816 929 βοΐ-ςς
860 884 905 919 cf.
931 885 949 919 I
974 884 1073 932 466),
1101 884 1180 929 764,
1208 884 1288 931 771,
1317 884 1407 920 1093
1443 885 1649 934 (παραιφά-

96 955 200 989 μενος
223 941 407 986 ἐπέεσσινς
445 942 489 977 cf.
517 954 624 988 supra
650 954 684 988 p.
711 941 809 987 243),
847 941 939 977 1332
973 941 1035 989 (cf.
1063 945 1092 977 θ
1120 942 1213 989 194),
1249 942 1316 976 811
1351 941 1481 990 (ἠέλιος
1505 943 1566 987 ὥςς
1593 943 1638 979 cf.

97 999 132 1039 Ξ
156 999 251 1046 185),
286 999 416 1046 quibus
451 998 584 1034 addere
618 998 726 1033 liceat
758 998 897 1044 σῦνεχές
931 999 1011 1045 721,
1040 999 1131 1034 1135
1166 999 1226 1044 (cf.
1258 1013 1271 1035 ι
1297 999 1368 1046 74).
1420 1000 1464 1035 de
1498 1000 1640 1047 liquidis

97 1062 217 1093 autem
250 1057 287 1091 in
322 1056 450 1092 mediis
484 1056 670 1091 vocabulis
703 1057 895 1102 geminatis
920 1056 975 1103 [ad
1009 1056 1206 1092 Rzachium
1241 1056 1356 1103 (Stud.
1391 1069 1425 1104 p.
1453 1057 1522 1092 794
1547 1058 1640 1105 sqq.)

97 1114 251 1149 lecturos
276 1113 408 1160 relego.
863 1160 866 1163 ἦ

211 1170 290 1206 Iam
316 1175 462 1218 propter
486 1182 630 1205 versum
664 1170 767 1214 1169,
801 1182 908 1217 quem
942 1182 1050 1217 supra
1083 1171 1195 1216 tetigi,
1229 1170 1296 1206 hoc
1329 1171 1406 1206 loco
1439 1173 1641 1208 accuratius

97 1228 277 1275 agendum
312 1234 367 1263 est
400 1228 445 1263 de
480 1229 653 1275 positione
688 1227 798 1263 debili
832 1233 867 1263 et
893 1229 1114 1274 correptione
1139 1228 1292 1275 attica.²)
1342 1228 1436 1275 quod
1461 1228 1508 1264 ad
1532 1230 1640 1265 arsim

70 1330 73 1332 ‚
97 1286 246 1330 adtinet,
273 1287 358 1321 satis
384 1286 500 1321 habeo
522 1298 666 1321 monere
690 1287 724 1320 in
743 1285 918 1332 syllabam
944 1285 1088 1321 finalem
1105 1285 1282 1331 vocabuli,
1309 1287 1516 1333 plerumque
1540 1300 1641 1334 prae-

97 1343 293 1390 positionis,
325 1355 344 1378 e
370 1343 440 1378 429
466 1343 541 1378 fere
560 1343 864 1390 productionibus,
896 1354 987 1389 quae
1012 1342 1112 1388 fiunt,
1139 1342 1269 1378 cadere
1298 1343 1388 1391 66³),
1414 1344 1511 1390 apud
1537 1343 1640 1380 Calli-

219 1468 241 1503 ¹)
263 1468 310 1495 De
341 1477 399 1503 quo
430 1467 496 1495 loco
527 1476 598 1495 sane
628 1468 780 1495 dubitatur
809 1467 1000 1503 (ἐπ-ιθύειν),
1030 1468 1066 1495 cf.
1094 1468 1233 1504 Vogrinz,
1263 1468 1391 1496 Gramm.
1413 1469 1440 1496 d.
1465 1469 1541 1496 hom.
1561 1469 1640 1496 Dial.

99 1515 306 1543 Paderbornae
330 1516 412 1549 1889,
434 1525 460 1551 p.
476 1517 522 1542 33.

215 1562 238 1599 ²)
258 1564 381 1590 Praeter
401 1564 558 1590 universae
579 1564 621 1590 rei
642 1564 783 1590 metricae
804 1565 969 1599 scriptores,
996 1571 1012 1590 e
1034 1563 1140 1599 quibus
1165 1565 1196 1590 in
1223 1564 1325 1599 primis
1345 1564 1543 1591 Gleditschius
1564 1572 1642 1591 com-

99 1611 306 1639 memorandus
333 1619 396 1638 esse
422 1611 540 1638 videtur
564 1611 703 1647 (Theorie
730 1611 755 1638 d.
778 1620 850 1638 mus.
872 1611 987 1638 Kiinste
1018 1611 1044 1638 d.
1066 1611 1216 1638 Hellenen
1241 1620 1267 1638 v.
1289 1611 1440 1639 Rossbach
1464 1612 1526 1639 und
1545 1613 1641 1640 West-

98 1659 169 1695 phal
189 1659 233 1686 III
250 1661 274 1692 1,
295 1659 414 1694 Lipsiae
431 1660 512 1692 1887,
534 1669 561 1694 p.
579 1661 633 1686 103
648 1659 713 1694 sq.)‚
735 1664 860 1694 egerunt
881 1659 917 1686 de
937 1660 1091 1694 positionis
1113 1659 1219 1686 debilis
1239 1662 1269 1686 et
1289 1660 1491 1695 correptionis,
1513 1669 1589 1696 quae
1609 1660 1642 1689 fit

98 1710 169 1734 ante
190 1710 302 1734 mutam
324 1715 390 1733 cum
412 1706 526 1742 liquida
546 1708 744 1740 coniunctam,
770 1715 826 1733 usu
852 1707 1050 1734 homerico:
1081 1707 1104 1734 1.
1126 1707 1170 1734 La
1189 1707 1300 1740 Roche,
1326 1707 1413 1734 Hom.
1435 1708 1552 1736 Unters.
1573 1709 1642 1745 Lip-

100 1757 162 1783 siae
185 1755 269 1789 1869,
294 1756 393 1782 1—45.
425 1754 459 1782 G.
481 1754 596 1788 Hartel⁷
617 1755 704 1782 Hom.
726 1755 807 1782 Stud.
830 1755 856 1781 1²
877 1756 914 1782 80
928 1764 1000 1790 sqq.‚
1021 1754 1054 1781 A.
1077 1755 1166 1789 Buth,
1187 1754 1293 1782 Philol.
1314 1756 1485 1783 XXXVIIII
1503 1757 1559 1784 553
1569 1766 1642 1793 sqq.‚

98 1803 292 1831 hesiodeo:
320 1803 353 1829 A.
375 1803 484 1837 Rzach,
511 1803 632 1830 Hesiod.
655 1803 773 1830 Unters.
794 1812 820 1838 p.
843 1804 879 1830 35
894 1812 935 1838 sq.
965 1803 1007 1838 (in
1033 1811 1128 1838 progr.
1150 1811 1251 1838 gymn.
1272 1803 1518 1839 Mieropragensis
1546 1805 1641 1840 1875),

99 1854 253 1887 poetarum
280 1850 530 1885 elegiacorum
557 1853 588 1877 et
613 1851 806 1886 tragicorum:
841 1850 873 1877 C.
895 1849 1023 1884 Goebel‚
1049 1850 1096 1876 De
1121 1853 1244 1886 corrept.
1270 1853 1321 1878 att.
1343 1850 1532 1886 Argentorati
1559 1853 1642 1887 1876,

97 1899 121 1926 1.
136 1898 252 1931 Sitzler,
275 1898 374 1925 Ueber
394 1898 421 1924 d.
437 1898 558 1933 Sprach.
581 1898 606 1925 d.
623 1898 731 1934 griech.
747 1898 835 1933 Eleg.
849 1898 925 1924 Ann.
941 1897 1014 1933 phil.
1030 1897 1147 1930 CXXV,
1168 1899 1224 1924 516
1238 1906 1311 1933 sqq.‚
1331 1898 1413 1926 stud.
1429 1907 1495 1926 zum
1510 1899 1641 1936 Theogn.

98 1947 130 1972 in
160 1954 257 1981 progr.
278 1945 618 1973 Tauberbischofsheim.
647 1946 730 1978 1885,
769 1946 1009 1981 tragicorum:
1045 1945 1068 1972 1.
1090 1945 1227 1980 Rumpel,
1254 1945 1374 1978 Quaest.
1396 1949 1480 1974 metr.
1500 1947 1523 1974 1.
1543 1948 1573 1975 11
1598 1949 1643 1983 (in

98 2002 196 2029 progr.
217 1992 523 2029 Insterburgiensibus
554 2002 581 2020 a.
598 1994 681 2026 1865,
705 1993 800 2028 1866),
840 1993 1061 2020 theocriteo:
1093 1993 1125 2020 C.
1146 1993 1253 2027 Kunst,
1273 1993 1319 2020 De
1340 1993 1394 2021 Th.
1416 2002 1502 2021 versu
1523 1994 1641 2023 heroico

101 2041 236 2076 (Dissert.
257 2040 360 2077 philol.
381 2040 510 2068 vindob.
531 2042 545 2068 1
566 2051 593 2076 p.
609 2041 752 2076 64-96),
794 2040 1052 2068 callimacheo:
1087 2040 1118 2067 C.
1135 2040 1234 2073 Prahl,
1260 2041 1379 2074 Quaest.
1400 2045 1483 2069 metr.
1505 2042 1542 2069 de
1567 2042 1643 2072 Call.

100 2088 198 2116 Halae
222 2089 304 2121 1879,
325 2097 352 2123 p.
373 2089 409 2115 37
424 2097 487 2124 sqq.
532 2089 582 2115 Fr.
602 2088 733 2122 Beneke,
760 2088 806 2115 De
827 2091 889 2115 arte
910 2091 993 2115 metr.
1016 2087 1089 2115 Call.
1110 2087 1299 2123 Argentorati
1321 2089 1404 2123 1880,
1423 2098 1451 2124 p.
1468 2090 1504 2116 27
1519 2098 1580 2126 sqq.
1607 2090 1642 2118 G.
1670 2105 1672 2107 ·
1695 2105 1698 2107 Δ

100 2136 196 2172 Hesp,
223 2136 342 2169 Quaest.
365 2135 439 2163 Call.
461 2139 545 2163 metr.
567 2136 691 2163 Bonnae
719 2136 803 2169 1884,
830 2145 858 2172 p.
873 2136 908 2162 31
924 2144 986 2171 sqq.
1011 2135 1075 2171 (qui
1088 2134 1221 2169 Aratum,
1241 2135 1442 2171 Apollonium,
1463 2136 1643 2166 Nicandrum

100 2184 235 2220 aliosque
255 2183 404 2219 contulit),
446 2185 638 2220 oppianeoz
672 2184 703 2211 C.
725 2184 828 2218 Lehrs,
850 2184 969 2218 Quaest.
990 2185 1064 2219 epic.
1086 2184 1142 2211 313
1156 2192 1229 2220 sqq.‚
1264 2184 1392 2218 Quinti
1412 2184 1579 2220 Smyrnaei:
1608 2186 1642 2214 A.
1667 2218 1669 2220 ,

100 2232 243 2259 Ludwich
259 2231 336 2258 Anu.
350 2231 422 2267 phil.
440 2232 551 2259 CVIIII
573 2233 627 2259 233
640 2241 702 2267 sqq.
724 2232 864 2259 Nonnum
879 2232 1001 2267 eiusque
1012 2234 1172 2258 sectatores
1182 2240 1242 2258 non
1263 2232 1396 2267 respicio.
1419 2247 1453 2252 —
1474 2233 1643 2261 Notandum

101 2282 146 2307 est
166 2287 213 2307 me
233 2279 314 2307 locos
334 2279 439 2307 dubios
460 2282 490 2307 et
509 2280 631 2308 nomina
651 2281 767 2316 propria
787 2279 837 2316 (cf.
859 2279 1012 2307 Hermann
1033 2289 1060 2316 p.
1077 2280 1143 2316 755)
1165 2279 1340 2316 neglexisse.

217 2327 240 2364 ³)
260 2329 288 2363 4,
315 2328 367 2362 15,
392 2329 443 2363 49,
469 2329 521 2363 58,
550 2329 616 2363 120,
645 2328 708 2362 151,
736 2329 803 2363 199,
830 2329 894 2363 259,
923 2329 993 2362 271,
1020 2329 1090 2363 273,
1115 2329 1185 2363 300,
1210 2328 1281 2363 305,
1308 2329 1373 2363 316,
1398 2329 1463 2364 317,
1488 2331 1553 2365 349,
1579 2330 1644 2365 365,
1704 2322 1705 2325 ¹

101 2376 167 2409 378,
194 2375 260 2409 389,
285 2376 356 2410 434,
382 2376 449 2410 447,
475 2377 541 2411 453,
567 2376 632 2410 495,
658 2377 723 2410 499,
750 2377 815 2410 516,
841 2377 910 2409 528,
937 2376 1002 2409 539,
1028 2377 1093 2410 543,
1120 2377 1184 2410 569,
1212 2376 1277 2410 621,
1305 2377 1369 2410 645,
1396 2377 1462 2411 678,
1487 2378 1552 2412 690,
1578 2378 1643 2412 694,
