1734 2492
176 33 234 69 De
263 33 532 81 pronominibus
556 34 767 80 possessivis
792 33 878 69 mihi
903 33 1005 70 brevi
1030 47 1107 70 esse
1131 34 1263 70 licebit.
1307 34 1455 70 aliorum
1479 38 1598 81 poeta-

0 102 143 160 ⁵ssnunu
174 90 282 136 locos,
316 90 445 137 quibus
479 103 522 125 ea
554 89 602 137 ad
634 89 785 125 alterum
813 103 1002 127 numerum
1029 91 1182 128 aliamve
1212 103 1399 139 personam
1427 91 1598 126 translata

59 152 160 194 sunt,
194 146 295 183 dabit
327 147 572 193 Brugmanus3
608 146 653 182 cf.
676 159 710 193 p.
737 147 802 181 117
828 160 878 195 sq.
910 161 993 184 cum
1022 149 1141 184 indice
1169 149 1345 194 locorum,
1376 161 1411 195 p.
1438 148 1484 183 33
1507 160 1596 195 sqq.,

26 202 108 239 78
125 216 203 273 sqq.
252 205 292 247 ὅς
316 204 429 240 habes
453 204 541 250 Arg.
562 203 655 238 1320
688 216 793 239 sensu
824 205 996 241 reflexivo
1028 212 1250 252 usurpatum,
1284 206 1352 240 891
1384 208 1419 241 in
1445 205 1596 241 formula

0 289 3 302 ;
14 260 183 308 ,φρΒσὶν
206 258 267 310 ᾖσι
290 261 338 297 ad
362 262 514 308 primam
539 272 728 308 personam
752 261 973 298 translatum.
1008 285 1054 289 —
1086 263 1143 306 ἑός
1173 263 1219 299 ad
1244 262 1418 310 pluralem
1443 262 1596 298 refertur

60 318 130 354 356
163 319 259 366 (‘non
295 318 474 353 debebam
507 323 646 353 mutare
679 318 747 367 ἑῆς’
781 320 831 354 ait
864 320 1093 355 Hermannus
1126 333 1159 367 p.
1187 320 1285 366 815),
1315 320 1520 367 439‚1285‚
1546 320 1594 355 ad

8 412 11 415 ,
58 376 210 423 primam
234 387 425 423 personam
449 374 531 420 349,
549 374 620 410 940
644 375 802 422 (poetam
827 377 1003 412 imitatum
1028 389 1106 413 esse
1132 378 1327 412 Homerum
1351 380 1372 412 I
1386 377 1457 412 414
1482 377 1595 423 Brug—

59 445 185 470 manus
219 432 403 468 contendit
427 444 461 479 p.
481 432 554 479 71).
605 438 789 479 praeterea
821 433 950 479 legitur
984 446 1090 469 sensu
1115 434 1303 470 reflexivo:
1329 434 1387 481 52,
1410 434 1492 480 448,
1512 434 1592 481 779,

23 480 170 534 2'13093
196 490 488 525 demonstrativo:
519 488 620 524 1328.
646 510 693 515 —-
717 491 808 537 σφός
829 496 929 525 extat
943 491 1016 526 474
1037 496 1167 540 σφῇσιν
1188 490 1429 541 ἀτασθαλίῃσι
1451 491 1593 539 (versus

59 548 199 584 initium
224 559 271 582 ex
287 547 444 582 Homero
471 546 713 594 desumptum3
741 547 785 582 cf.
804 561 827 583 α
853 547 932 594 34);
957 548 1054 584 idem
1075 548 1287 584 transfertur
1309 548 1355 583 ad
1378 548 1594 594 singularem

0 649 2 652 y
60 603 130 640 865
156 604 232 652 (σφ.
251 606 283 639 ἀ.
302 604 463 653 Λίήταο;
498 604 620 639 similis
653 605 721 639 hoc
753 605 831 640 loco
865 610 918 640 est
942 605 1166 652 pleonasmus
1192 611 1298 651 atque
1322 607 1358 640 in
1384 606 1593 652 pronomine

30 667 33 669 ’
59 658 111 709 οἳ)
130 666 165 696 et
184 661 286 706 1305,
308 659 531 710 ἀτασθαλίης
548 660 646 697 ἕνεκα
663 666 754 709 σφῆς
769 662 851 707 416,
876 661 1057 711 ὁμηλικίης
1073 661 1170 699 ἕνεκα
1188 667 1278 711 σφῆς
1294 662 1365 698 510
1382 662 1442 710 (cf.
1461 666 1503 698 H
1521 662 1592 710 18),

42 719 143 755 -item
168 718 378 755 translatum
403 718 450 754 ad
476 731 663 754 numerum
689 719 905 765 singularem
929 719 1011 754 581.
1061 726 1247 766 praeterea
1276 720 1429 754 refertur
1453 720 1500 755 ad
1525 721 1591 755 sin-

6 771 8 774 *
56 776 217 822 gularem
250 776 330 821 942,
364 776 412 811 ad
445 776 598 823 primam
630 788 820 822 personam
847 777 949 822 1144.
983 798 1030 803 -—
1062 776 1232 825 σφέτερος
1256 777 1311 812 bis
1335 777 1480 823 legitur:
1511 777 1592 823 728,

17 877 19 879 ¹
61 832 142 878 832,
168 845 211 868 ac
235 833 352 880 priore
377 832 456 868 loco
481 845 546 880 pro
572 833 743 879 singulari
768 838 832 870 est.

142 970 226 1002 VII.
252 971 306 1001 De
330 971 614 1008 pronominibus
638 966 670 1012 ὁ,
688 969 719 1016 ἡ,
737 971 789 1012 τό,
807 966 879 1012 ὅδε,
897 965 1008 1011 οὗτος,
1025 970 1141 1010 κεῖνος
1165 973 1203 1002 et
1227 971 1274 1002 de
1300 971 1469 1003 articulo.
1478 968 1506 1014 ¹)

172 1063 371 1098 Pronomen
403 1062 434 1109 ὁ,
459 1065 492 1110 ἡ,
518 1065 560 1099 τό
593 1068 785 1110 usurpatur
818 1075 923 1098 sensu
957 1064 1235 1099 demonstrativo
1273 1064 1480 1109 saepissime
1514 1076 1594 1099 con—

57 1120 218 1155 iunctum
244 1132 325 1155 cum
350 1120 527 1167 particula
552 1119 592 1156 δέ
616 1120 656 1165 α)
682 1122 783 1156 iuxta
807 1133 952 1156 nomen:
984 1120 1065 1166 227,
1088 1121 1169 1165 245,
1188 1120 1269 1165 280,
1287 1120 1369 1166 589,
1388 1120 1468 1165 799,
1490 1120 1592 1166 1099,

62 1176 162 1211 1296.
213 1177 255 1222 β)
290 1182 464 1213 remotum
496 1190 518 1212 a
550 1178 708 1213 nomine:
740 1178 797 1217 60,
815 1178 872 1224 63,
895 1178 976 1221 241,
1000 1179 1079 1220 376,
1103 1178 1184 1224 444,
1207 1178 1288 1222 525,
1311 1178 1393 1222 539,
1416 1177 1498 1222 562,
1522 1178 1593 1213 595

59 1232 138 1279 (τοῦ
162 1231 195 1269 δ’
212 1234 260 1277 ὣς
283 1235 361 1270 κλύε
387 1235 432 1269 cf.
454 1234 546 1270 1094
570 1231 609 1270 οἳ
630 1232 663 1270 δ’
680 1234 760 1270 ἐπεὶ
785 1234 845 1271 οὖν
869 1236 971 1282 κτλ.),
999 1235 1068 1270 643
1090 1235 1134 1270 al.
1176 1235 1212 1281 y)
1240 1246 1402 1269 sermone
1428 1234 1526 1269 finito
1551 1235 1592 1279 is,

56 1289 103 1326 ad
139 1302 245 1337 quem
279 1292 390 1328 verba
422 1292 518 1328 facta
552 1297 643 1338 sunt,
678 1292 915 1338 significatur:
950 1292 1030 1337 293,
1054 1292 1134 1337 353,
1159 1292 1228 1327 392
1260 1292 1324 1338 (ὣς
1347 1293 1459 1328 εἰπὼν
1482 1291 1595 1334 ἐξῖκεν

58 1348 269 1394 ἀταρπιτόν·
295 1348 333 1385 οἳ
352 1347 384 1385 <5³
401 1349 602 1396 ἑπόμεσθα,
628 1361 720 1395 quae
736 1349 866 1385 locutio
883 1362 995 1384 unum
1011 1349 1121 1384 habet
1143 1349 1348 1395 exemplum
1374 1349 1595 1384 homericum

57 1474 254 1501 Rubnkenius
281 1475 396 1510 scripsit
421 1475 471 1502 καὶ
495 1472 524 1502 ‹5’
543 1474 641 1509 αὐταί,
666 1475 745 1510 quod
772 1483 835 1502 esse
860 1474 925 1502 vult
944 1476 1077 1511 ‘sponte'.
1118 1478 1209 1510 atque
1230 1475 1287 1502 hoc
1307 1483 1395 1502 sensu
1415 1474 1505 1505 αὐτός
1524 1483 1595 1501 sane

58 1522 210 1549 nonnullis
230 1522 303 1549 locis
323 1522 477 1549 homericis
496 1522 532 1549 de
551 1523 684 1558 personis
697 1525 854 1558 usurpatur
869 1523 917 1558 (cf.
934 1522 989 1549 ΕΙ).
1002 1523 1017 1549 Ι
1038 1524 1110 1549 202·
1128 1523 1167 1557 e).
1202 1522 1306 1549 melior
1319 1522 1449 1557 profecto
1464 1525 1509 1549 est
1523 1522 1596 1549 haec

58 1570 229 1597 coniectura
254 1580 340 1607 quam
368 1571 446 1607 quod
471 1571 661 1597 Hermannus
686 1572 836 1606 proposuit
862 1565 910 1604 αὖ,
941 1570 1121 1606 probabilior
1150 1571 1239 1597 etiam
1271 1579 1358 1605 quam
1385 1570 1487 1597 Wielii
1517 1566 1595 1606 αἶψα

59 1617 86 1652 (Ι
99 1618 135 1644 27
150 1626 203 1654 sq.,
217 1618 283 1646 coll.
301 1619 434 1646 Strabon.
448 1619 520 1645 VIII
536 1619 569 1645 12
591 1628 618 1654 p.
634 1619 690 1645 373
702 1618 734 1652 C,
756 1619 807 1653 qui
828 1619 899 1645 dicit
919 1618 1157 1645 ‘Hermionenses
1178 1620 1333 1653 propterea
1353 1618 1514 1653 portorium
1536 1626 1595 1644 non

59 1665 184 1699 solvere,
205 1666 283 1702 quod
305 1667 388 1693 brevi
407 1667 512 1693 itinere
532 1666 570 1693 ad
590 1666 699 1693 inferos
719 1665 936 1702 perveniant.’).
968 1681 1002 1684 —
1034 1665 1107 1702 αὐτῇ
1128 1666 1184 1693 σὺν
1205 1665 1362 1702 φόρμιγγι
1390 1666 1442 1691 111
1468 1664 1596 1692 formula

58 1713 207 1741 homerica
227 1717 285 1748 est3
307 1714 343 1742 cf.
360 1717 379 1741 I
394 1715 456 1747 194,
478 1713 579 1749 5498,
599 1723 618 1742 ν
635 1715 697 1748 118,
718 1714 745 1741 h.
760 1713 813 1749 Ap.
831 1714 896 1748 148,
917 1714 1016 1747 Quint.
1032 1713 1074 1740 VI
1094 1714 1159 1746 248,
1173 1714 1239 1747 270,
1253 1713 1317 1740 300.
1340 1712 1437 1748 Apoll.
1452 1713 1496 1739 111
1512 1713 1595 1747 1288,

56 1761 115 1788 1111
137 1762 219 1796 1230,
236 1763 318 1789 1591.
358 1762 480 1798 reliquis
505 1762 579 1789 locis
604 1770 690 1789 casus
716 1761 829 1797 obliqui
855 1764 956 1788 extant
980 1761 1191 1796 respondentes
1215 1760 1309 1788 latino
1331 1760 1425 1787 ‘eius’:
1455 1761 1518 1794 150,
1539 1761 1594 1787 317

58 1806 118 1842 (ἐπ’
133 1809 235 1846 αὐτῷ),
257 1811 312 1837 419
334 1808 413 1847 (μετ’
429 1809 544 1844 αὐτόν).
577 1811 609 1836 in
629 1819 656 1836 v.
672 1810 727 1836 866
748 1807 795 1844 ἠδ’
810 1810 848 1840 ὡς
868 1811 1044 1846 παρθενίοις
1065 1808 1158 1836 αὐτοῦ
1179 1808 1332 1845 φιλτροῖσι
1346 1807 1494 1844 δαμάσθη
1508 1808 1594 1836 αἰνό-

6 1878 11 1885 .
59 1865 158 1894 γαμος
178 1857 303 1893 Μήδεια
324 1867 391 1885 cum
412 1857 520 1885 Wielio
542 1858 567 1893 (I
588 1858 623 1884 25
638 1857 694 1893 sq.)
720 1856 813 1885 αὐτοῦ
838 1866 889 1893 pro
915 1857 1052 1884 adverbio
1074 1855 1159 1894 (⁶ibi')
1179 1857 1301 1891 accipio,
1326 1865 1392 1883 cum
1413 1856 1594 1891 praecedant

58 1904 144 1934 haec:
172 1905 210 1936 ὥς
235 1903 260 1933 τ’
279 1906 412 1943 ἄψορρος
438 1903 538 1942 ὄρουσ’
558 1905 589 1932 ἐκ
614 1904 754 1941 δώματος
772 1905 889 1940 Αἰήταο
903 1902 1019 1941 Ἄργος.
1060 1904 1236 1931 coniecturis
1255 1904 1346 1939 igitur
1366 1912 1439 1939 opus
1460 1912 1520 1930 non
1541 1907 1594 1939 est.

39 1988 45 1992 β
58 1952 249 1981 Hermannus
269 1957 471 1990 proposuerat:
495 1950 529 1981 οἶ
543 1953 626 1981 ὑπαί.

174 2002 196 2036 ¹)
218 2001 262 2029 cf.
276 2002 310 2029 A.
325 2002 422 2035 Funk‚
444 2002 518 2029 Ueb.
535 2002 560 2028 d.
576 2002 732 2029 Gebrauch
752 2001 777 2028 d.
793 2002 972 2030 Pronomina
990 1995 1077 2031 οὗτος
1089 2001 1149 2027 und
1163 2000 1215 2027 ὅδε
1229 2000 1256 2027 b.
1273 2000 1392 2027 Homer.
1407 2009 1503 2035 progr.
1518 2000 1594 2027 Neo-

58 2048 274 2085 brandenburg.
292 2050 374 2083 1860,
391 2050 465 2076 1870
487 2050 609 2084 (partem
623 2049 745 2076 alteram
761 2050 906 2085 inspicere
926 2049 998 2076 mihi
1019 2058 1077 2076 non
1091 2048 1188 2083 licuit;
1209 2048 1245 2075 cf.
1261 2056 1399 2074 censuras
1412 2047 1449 2074 ab
1464 2048 1594 2075 Hentzio

57 2096 138 2123 aetas
157 2096 264 2124 Philol.
279 2097 392 2124 XXVII
406 2098 461 2124 507
476 2106 549 2133 sqq.,
562 2097 625 2124 Ind.
640 2097 747 2124 Philol.
761 2097 805 2124 ΠΙ
826 2098 878 2124 241
895 2096 961 2133 sq.),
982 2097 1034 2124 Ph.
1049 2097 1158 2130 Braun,
1179 2096 1269 2123 Beitr.
1285 2104 1337 2122 zur
1351 2095 1449 2123 Lehre
1463 2104 1522 2122 von
1536 2095 1593 2123 den

56 2144 167 2183 grioeb.
180 2145 269 2172 Pron.
284 2145 336 2173 ὅδε
357 2145 418 2172 und
440 2139 526 2176 οὗτος
546 2145 594 2172 bei
613 2145 750 2180 Aesehyl.
771 2154 866 2181 progr.
887 2145 1034 2180 Marburg.
1057 2145 1138 2178 1879,
1169 2144 1256 2177 idem,
1277 2144 1337 2171 Der
1358 2143 1513 2170 Gebrauch
1534 2152 1593 2170 von

18 2214 22 2222 ,
57 2185 146 2222 οὗτος
174 2193 206 2219 in
236 2193 288 2219 der
318 2193 397 2220 Ilias.
423 2193 570 2220 Festschr.
594 2193 620 2220 d.
645 2193 751 2228 Gymn.
775 2193 915 2228 Marburg·
940 2193 959 2219 f.
984 2192 1149 2219 Collmann.
1176 2192 1248 2218 1883
1280 2191 1341 2225 (ΙΙ),
1371 2190 1405 2218 A.
1436 2191 1594 2224 Stummer,

26 2248 30 2251 ⁷
58 2238 157 2266 Ueber
177 2240 234 2267 den
254 2240 370 2267 Artikel
390 2241 439 2268 bei
458 2240 577 2268 Homer.
599 2249 694 2276 progr.
713 2240 932 2268 Muennerstad.
954 2241 1036 2273 1886,
1058 2240 1109 2275 qui
1129 2249 1156 2274 p.
1172 2240 1188 2266 3
1209 2239 1305 2266 adfert
1329 2239 1594 2266 commentationes

4 2287 7 2291 '
58 2288 128 2314 suto
148 2294 216 2314 eum
236 2288 273 2315 de
294 2288 396 2315 eadem
415 2296 448 2315 re
468 2289 658 2324 conscriptas.
698 2288 767 2316 libri
788 2289 840 2324 qui
859 2287 939 2324 apud
958 2287 1151 2315 Huebnerum
1171 2296 1199 2322 p.
1214 2287 1260 2321 48,
1279 2287 1296 2320 5
1318 2287 1362 2321 18,
1377 2287 1393 2313 2
1419 2293 1593 2313 commemo-

57 2336 171 2369 rantur,
189 2335 262 2363 mihi
282 2338 399 2373 praesto
419 2344 479 2364 non
500 2338 592 2364 erant.
