1734 2492
78 0 343 58 [preferendum
367 11 445 45 esse
469 8 614 44 videtur
638 7 685 42 ad
711 20 817 55 rupes
835 6 1011 54 Cyaneas.
1037 27 1083 32 —-
1109 19 1143 40 v.
1161 5 1232 40 693
1256 6 1372 51 potius
1398 4 1444 39 ad
1470 15 1592 38 omnes

29 60 284 119 Ψᾎτςὸῄαιιωε
310 71 449 114 spectat
474 79 510 103 οι
534 76 642 112 quam
668 64 714 100 ad
738 77 849 100 unum
874 64 1041 111 Tiphym.
1073 85 1120 89 —
1149 76 1183 98 v,
1203 63 1269 97 761
1302 60 1426 98 αὐτίκα
1452 57 1487 97 οἳ
1512 59 1592 96 στέ-

54 120 167 179 ᾧανος
194 125 256 163 καὶ
284 128 399 170 τεῖχος
428 124 573 171 ἐρυμνὸν
597 122 745 169 Αἰήτεω
775 121 972 170 κατέφαινε.
1023 122 1249 156 Hei-mannus
1279 121 1316 155 in
1346 119 1465 154 indice
1499 130 1591 153 com-

0 213 32 230 „
57 189 230 223 memorat
246 181 576 229 interpretationem
594 178 735 223 ‘nobis'3
763 179 826 214 sed
844 176 889 223 οἳ,
916 179 978 214 ubi
995 178 1207 214 reflexivum
1225 190 1295 214 non
1321 182 1385 224 est,
1412 177 1591 212 rarissime

0 232 151 285 {ibana
184 239 477 287 significationem
510 236 659 272 induere
692 206 842 283 adparet
876 248 894 271 e
929 240 1123 283 conspectu
1147 236 1314 271 locorum.
1365 246 1482 281 neque
1506 246 1591 269 vero

0 310 24 345 §f
60 312 142 335 cum
165 296 297 334 Wielio
322 296 463 341 faciam,
491 295 551 341 qui
576 293 613 328 ΙΙ
639 293 684 328 36
709 306 731 328 a
756 294 841 329 dett.
869 295 1045 340 scriptura
1069 291 1182 329 αὐτίκ’
1199 294 1267 339 ἄρα
1292 292 1474 339 profectus
1500 303 1591 327 com-

42 355 244 393 [mendavit
276 351 456 399 ἀντιπέρα,
491 362 707 397 quamquam
737 351 804 385 hoc
836 351 913 385 loco
945 356 980 385 et
1009 349 1155 384 v.1256
1187 355 1339 396 excepto
1371 350 1450 397 (νῆα
1480 347 1514 385 δ’
1536 345 1592 395 ἄρ’

0 397 32 445 ἷ
59 414 191 450 αὐτόθι
220 407 254 448 οἱ
284 408 427 454 κατέχεν
455 408 555 455 ῥόος)
589 419 784 454 pronomen
814 407 1025 442 reflexivum
1056 406 1243 442 abundans
1274 418 1414 454 semper
1444 405 1491 441 ad
1515 417 1593 453 per-

4 463 7 490 ἶ
60 482 165 506 sonas
190 468 358 511 refertur3
386 466 486 511 Argo
512 465 607 499 enim
632 466 733 499 navis
758 465 914 499 animata
939 463 1093 510 fihgitur.
1119 485 1166 489 —
1196 464 1281 509 quid
1307 464 1351 498 de
1376 477 1410 498 v.
1432 463 1499 498 778
1526 469 1592 498 sta-

59 526 233 563 tuendum
263 525 318 569 sit,
349 521 497 558 difficile
528 527 582 556 est
611 521 719 556 dictu.
770 522 969 557 Hermanni
996 522 1200 556 coniectura
1225 520 1264 564 ὃς
1288 515 1446 567 οἷ-ζέδοξε
1472 520 1592 567 (codd.

4 578 10 627 ἶ
61 584 100 628 ὅς
123 583 193 629 νιν)
226 592 311 616 sane
337 579 385 615 ad
411 582 554 614 sensum
580 579 711 624 optime
738 578 890 624 quadrat
916 583 951 612 et
975 579 1099 613 melior
1125 584 1221 613 certe
1247 583 1311 622 est,
1342 590 1448 624 quam
1474 578 1594 613 Abelii

61 639 101 684 ὅς
124 642 168 688 ῥά
192 636 224 674 τ’
254 635 371 681 ἔδοξες
405 636 468 670 sed
500 635 722 682 corruptelae
747 636 836 670 ratio
863 635 1036 681 explicari
1067 636 1130 669 vix
1159 640 1285 681 potest.
1312 656 1357 660 —-
1382 647 1415 670 V.
1436 634 1505 669 816
1530 647 1593 681 pro

0 722 6 732 .›
63 697 164 733 codd.
184 695 360 742 scriptura
377 696 455 737 ταῖς
471 695 535 740 γάρ
552 706 610 728 κεν
631 692 866 739 ἀγαλλόμενος
889 693 1070 741 πεφόρητο
1096 692 1191 739 quod
1208 692 1334 727 melius
1357 693 1411 736 sit,
1438 692 1594 727 nondum

22 761 27 789 1
62 756 245 789 inventum
271 756 325 786 est
349 750 549 785 Hermanni
575 751 779 785 coniectura
803 752 867 796 γάρ
892 747 938 785 οἱ.
964 771 1010 775 -
1035 762 1069 784 v.
1089 749 1157 783 818
1187 749 1247 785 καί
1277 746 1312 785 οἱ
1337 751 1409 784 ἀπὸ
1434 748 1596 796 στηθέων

62 813 208 859 βριαρὴν
239 807 438 846 ἀνενείκατο
470 809 590 857 φωνήν
614 808 842 843 Hermannus
877 807 921 842 de
954 808 1162 855 pronomine
1193 806 1365 842 reflexivo
1391 806 1595 842 abundante

0 874 31 902 .'
62 868 120 903 vel
155 868 200 902 de
233 866 523 912 interpretatione
556 867 585 899 ‘e
616 870 760 912 pectore
792 865 865 899 suo'
898 865 1082 911 cogitavit3
1118 864 1313 910 simplicius
1345 876 1422 899 esse
1452 869 1537 910 puto
1562 861 1597 900 οἳ

0 944 2 946 >
61 936 125 971 pro
151 923 430 959 demonstrativo
456 922 631 968 accipere.
683 934 727 956 ac
752 927 896 969 propter
921 922 1034 957 verba
1060 934 1151 968 quae
1178 926 1388 968 sequuntur:
1414 920 1596 968 φράζετον,

58 979 185 1024 οἵτινές
209 981 289 1016 ἕστε
312 984 412 1014 verto
431 979 502 1013 ‘eis'
523 978 784 1025 (Argonautis),
810 991 882 1014 non
901 979 954 1013 ‘ei’
975 978 1136 1026 (Iasoni).
1155 1000 1201 1004 ——
1219 991 1253 1013 V.
1273 978 1341 1013 838
1361 977 1598 1025 supplendum

61 1049 140 1073 esse
167 1048 295 1072 censeo
319 1035 420 1077 εἰσίν,
446 1036 495 1070 ita
519 1041 560 1070 ut
585 1048 673 1082 opus
698 1047 768 1070 non
795 1037 839 1070 sit
864 1036 1058 1082 confugere
1082 1036 1130 1071 ad
1156 1036 1440 1083 explicationem,
1468 1047 1538 1081 qua
1562 1031 1597 1070 οἱ

64 1094 160 1130 idem
185 1106 262 1129 esse
288 1105 331 1128 ac
356 1093 459 1128 nobis
485 1094 659 1128 statuitur.
694 1113 740 1119 —
773 1106 808 1128 v.
832 1092 899 1128 927
932 1093 1037 1129 codd.
1070 1095 1267 1141 scripturae
1296 1093 1445 1128 vitiosae
1475 1096 1517 1128 τό
1541 1105 1599 1127 κεν

13 1188 17 1190 ,
67 1147 161 1200 αἶψα
186 1151 319 1188 δοκεύει
344 1150 470 1186 melior
494 1150 653 1185 nondum
678 1151 825 1186 inventa
850 1156 904 1186 est
933 1151 1072 1187 medela
1098 1151 1295 1187 Hermanni
1325 1152 1528 1186 coniectura
1557 1151 1599 1186 τό

66 1205 101 1245 οἱ
125 1209 363 1257 ἀμφιδοκεύει.
414 1213 511 1243 certe
537 1207 584 1243 ad
609 1208 724 1253 deam,
758 1207 803 1243 de
834 1220 905 1255 qua
929 1209 965 1243 in
990 1222 1024 1244 v.
1044 1208 1112 1244 909
1139 1208 1251 1244 verba
1276 1208 1376 1253 fiunt,
1410 1205 1446 1245 οἱ
1475 1208 1599 1243 referri

65 1267 130 1300 vix
153 1270 280 1312 potest.
305 1286 351 1291 —
376 1277 410 1300 v,
429 1264 499 1300 936
524 1261 560 1301 οἱ
585 1265 630 1300 ad
655 1266 807 1311 primam
832 1277 1020 1311 personam
1046 1266 1256 1301 translatum
1281 1278 1351 1301 non
1376 1266 1529 1301 refertur
1553 1265 1599 1300 ad

66 1322 265 1358 subiectum
290 1314 474 1366 enuntiati,
501 1321 595 1368 quod
617 1322 836 1357 rarissimum
854 1334 932 1356 esse
949 1327 985 1356 et
1001 1322 1100 1368 apud
1117 1323 1315 1358 Homerum
1332 1322 1599 1369 Hesiodumque

9 1425 11 1427 Ι
66 1384 102 1413 et
115 1379 211 1425 apud
224 1379 435 1424 posteriores
449 1390 468 1412 e
481 1378 677 1424 Brugmani
690 1378 781 1413 libro
795 1379 845 1424 (p.
859 1378 925 1413 107
942 1379 1035 1425 sqq.)
1054 1380 1220 1424 cognosci
1237 1385 1364 1426 potest.
1407 1379 1493 1426 quid
1507 1379 1600 1425 quod

67 1437 208 1470 omnino
233 1435 271 1470 id
295 1435 373 1469 fieri
399 1436 556 1481 potuisse
581 1436 727 1480 negavit
748 1435 926 1470 Rzachius
952 1435 1150 1482 (Sita-Ber.
1171 1436 1205 1471 d.
1224 1436 1343 1471 Wien.
1362 1436 1483 1471 Akad.
1502 1435 1601 1482 phil.-

66 1491 146 1527 hist.
166 1490 219 1526 Ol.
238 1491 295 1537 89,
314 1504 348 1538 p.
366 1491 465 1538 536).
508 1491 570 1526 sed
596 1492 673 1538 ipsc
698 1504 732 1537 p.
751 1491 823 1526 544
847 1503 894 1525 ex
919 1491 1107 1537 Apollonio
1133 1492 1260 1527 adtulit
1291 1493 1496 1539 exemplum
1526 1505 1601 1539 pro-

68 1549 219 1583 nominis
244 1548 437 1595 possessivi
462 1549 512 1582 ita
536 1548 708 1594 usurpati,
743 1548 838 1593 quod
865 1548 1039 1594 quomodo
1065 1548 1133 1582 hac
1157 1549 1194 1583 in
1223 1560 1262 1583 re
1288 1562 1309 1584 a
1333 1550 1512 1596 personali
1538 1550 1602 1584 dif-

67 1604 159 1640 ferat
183 1618 254 1641 non
279 1604 395 1650 video,
423 1604 502 1640 dico
525 1616 669 1640 versum
685 1604 760 1639 ΠῙΙ
779 1604 871 1639 1015
895 1607 942 1652 μὴ
967 1604 1007 1641 δέ
1026 1618 1070 1651 με
1087 1606 1242 1650 Κόλχοις
1263 1605 1268 1652 Ι
1289 1606 1422 1655 ἐκδῴης
1443 1604 1470 1655 ᾧ
1493 1606 1604 1654 πατρὶ

68 1661 263 1709 κομίζεμεν.
314 1661 381 1697 hoc
406 1661 483 1697 loco
508 1658 543 1697 οἱ
568 1674 632 1708 pro
659 1662 865 1708 pronomine
891 1663 1016 1697 tertiae
1047 1674 1219 1708 personae
1252 1662 1468 1699 abundante.
1508 1664 1604 1710 quod

69 1719 117 1754 ad
141 1719 308 1755 Medeam
333 1719 518 1761 referatur,
545 1720 662 1766 accipi
687 1731 757 1754 non
781 1731 885 1766 posse
910 1720 1060 1755 videtur.
1088 1740 1133 1744 ——
1160 1732 1192 1753 v.
1215 1719 1306 1754 1028
1329 1720 1455 1755 melius
1478 1723 1604 1767 opinor

69 1772 104 1811 οἳ
137 1776 185 1811 ad
218 1776 419 1822 Absyrtum
453 1788 560 1822 quam
595 1775 642 1810 ad
674 1781 816 1810 noctem
849 1777 1054 1811 referemus.
1089 1797 1135 1801 ——
1169 1788 1202 1810 v,
1232 1776 1321 1810 1141
1357 1774 1392 1812 οἱ
1424 1779 1603 1824 pertinere

69 1832 156 1867 mihi
189 1832 332 1869 videtur
361 1832 408 1868 ad
433 1832 603 1877 homines,
639 1832 684 1867 de
709 1832 838 1879 quibus
863 1832 947 1867 inde
972 1846 994 1867 a
1019 1845 1052 1867 v.
1075 1832 1164 1867 1138
1191 1833 1303 1868 verba
1328 1834 1428 1878 fiunt,
1462 1846 1533 1869 non
1559 1834 1605 1869 ad

4 1935 6 1938 v
69 1891 241 1925 enuntiati
259 1889 418 1925 subiecta
430 1888 555 1926 Ἀίδαο
572 1890 682 1925 πύλαι
698 1889 759 1925 καὶ
776 1890 884 1937 δῆμος
901 1888 1077 1936 Ὀνείρων.
1097 1911 1143 1915 -
1160 1903 1193 1923 v.
1212 1889 1301 1923 1181
1321 1890 1381 1925 καί
1397 1888 1432 1926 οἱ
1450 1892 1606 1927 ὄπισθεν

68 1939 147 1982 ἷκτο
174 1973 181 1980 .
211 1974 217 1981 .
246 1974 253 1982 .
280 1946 414 1982 θύελλα
448 1946 494 1981 ad
527 1946 753 1992 Argonautas
784 1943 820 1982 οἱ
853 1952 1016 1993 spectare
1049 1952 1145 1993 puto,
1179 1959 1249 1981 non
1282 1947 1329 1981 ad
1363 1954 1521 1983 ventum.
1560 1969 1605 1973 —

69 2014 105 2037 v,
125 2002 218 2037 1236
249 2002 352 2038 codd.
376 2003 482 2038 lectio
513 2003 602 2039 ἀλλά
631 2016 693 2049 μιν
722 2001 835 2039 αὐτίκ’
858 2004 926 2050 ἐγὼ
952 2005 1120 2052 πρόφρων
1144 2003 1275 2051 ξεινήια
1301 2002 1437 2051 πέμψω
1462 1998 1607 2039 retineri

71 2060 195 2107 nequit
235 2072 351 2107 neque
394 2061 580 2107 quisquam
618 2061 742 2106 opinor
778 2061 850 2095 iam
890 2060 1148 2096 Schneiderum
1186 2065 1357 2107 sequetur
1391 2061 1607 2097 scribentem

72 2116 159 2152 ἀλλὰ
183 2116 257 2164 μέν,
289 2117 385 2164 quod.
408 2117 467 2152 ssle
493 2117 590 2152 idem
615 2117 736 2152 valere
761 2117 849 2152 dicit
872 2123 979 2164 atque
1005 2119 1092 2153 ἀλλὰ
1117 2120 1193 2166 μήν.
1238 2118 1333 2164 quod
1358 2119 1387 2152 si
1413 2131 1495 2152 cum
1518 2119 1607 2153 Her-

6 2198 7 2201 *
61 2183 202 2209 -manno
233 2171 268 2210 οἱ
297 2173 541 2221 reponendum
568 2178 632 2219 est,
663 2185 728 2220 pro
753 2174 833 2220 ὑμῖν
857 2176 1022 2221 accipere
1047 2174 1140 2210 malo
1166 2186 1273 2221 quam
1298 2187 1362 2221 pro
1392 2173 1473 2221 ἐμοί
1497 2175 1608 2211 abun-

0 2268 7 2275 „
73 2228 192 2275 dante,
226 2242 443 2278 quamquam
477 2243 519 2266 ea
553 2231 724 2276 respicias
758 2243 902 2277 quaeso,
936 2244 1027 2277 quae
1061 2232 1107 2265 ad
1142 2244 1174 2265 V.
1202 2231 1272 2265 936
1305 2233 1436 2266 monui.
1488 2233 1608 2266 nescio

32 2333 34 2335 Ι
72 2289 192 2320 tamen
217 2299 262 2321 an
289 2287 399 2321 scribi
416 2287 527 2333 possit
544 2283 623 2322 ἀλλ’
639 2283 724 2332 ὔμμ’
741 2285 853 2322 αὐτίκ’
869 2288 951 2333 ἐγώ;
977 2284 1061 2333 ὔμμ’
1079 2286 1172 2321 idem
1191 2292 1244 2321 est
1261 2287 1353 2332 quod
1371 2288 1458 2334 ὔμμι
1475 2290 1513 2323 Κ
1527 2288 1609 2332 551,

0 2347 6 2354 ..
1402 2343 1439 2372 4*
