1734 2492
123 0 175 10 ..μή

12 48 263 108 fssffff‘fflctura:
300 52 337 94 ἐν
369 60 520 105 πυμάτῳ
552 61 650 106 μυχῷ
685 55 800 104 ἕρκεος
831 58 939 102 ἄλσος
970 70 1054 107 σφιν
1086 57 1226 106 ἀμείβει
1260 58 1342 106 (⁴1m
1380 62 1606 93 aeussersten

12 108 218 159 *fkjifwinkel
243 116 306 152 des
331 115 497 161 Geheges
521 114 693 150 wechselt
716 115 781 148 mit
805 114 1012 150 demselben
1038 116 1095 150 ein
1120 116 1217 150 Hain
1241 116 1300 151 ab'
1303 115 1328 162 ),
1355 114 1434 150 talis
1461 114 1604 150 dativus

0 178 13 200 ⁷
53 179 155 213 sane
188 172 368 208 inauditus
401 183 471 206 non
505 177 559 206 est
594 170 656 218 (cf.
682 170 812 205 Aesch.
836 171 933 207 Pers
962 171 1058 217 315),
1099 172 1161 207 sed
1195 171 1385 206 verborum
1419 171 1604 206 collocatio

0 236 29 266 3‘
49 275 51 277 ¹
44 223 193 269 contra
216 230 337 265 facere
363 228 516 264 videtur
566 239 762 274 pronomen
795 229 888 263 enim
922 228 1110 264 abundans
1140 230 1266 276 quovis
1300 229 1497 264 sententiae
1527 228 1606 264 loco

70 286 153 336 poni
177 292 310 335 potest3
342 287 370 321 si
400 291 519 321 autem
550 284 678 320 vocula
707 297 792 333 σφιν
822 287 933 321 oratio
959 286 1005 320 ad
1029 285 1146 333 ἕρκεος
1170 286 1273 331 redit,
1298 298 1496 333 pronomen
1521 292 1604 321 ante

69 346 107 381 id
131 346 286 393 positum
312 356 389 378 esse
415 344 479 377 vix
504 344 580 377 veri
606 342 718 377 simile
744 347 807 377 est.
856 343 901 377 de
925 344 1187 390 praepositione
1211 343 1248 377 ἐν
1273 342 1411 377 duobus
1436 342 1557 378 verbis
1582 355 1605 378 a

2 391 28 449 ’ᾗ
69 405 217 451 πυμάτῳ
243 407 340 450 μυχῷ
367 401 526 436 seiuncta
552 400 596 435 cf.
620 413 655 435 v.
681 399 762 445 469,
795 400 840 435 de
866 413 935 447 quo
959 400 1066 436 modo
1092 400 1282 447 disputavi,
1316 399 1385 435 929
1417 401 1454 435 ἐν
1479 398 1512 436 δ’
1536 401 1603 447 ἄρα

69 459 222 508 πρέμνον
244 461 248 504 Ι
270 459 443 504 ἀπλήτοις
468 458 623 493 ὁλκοῖσιν
648 458 857 505 φορεύμενος
886 458 1132 505 ἀμφιπολεύει,
1171 457 1262 491 1170
1285 457 1322 491 ἐν
1348 455 1380 492 δ’
1398 457 1463 503 ἄρα
1489 459 1604 502 θυμὸς

10 525 14 530 ·
69 518 244 564 παχνώθη
277 516 435 564 Μινύῃσι
468 513 554 561 (quo
587 513 664 549 loco
698 526 783 549 sane
815 514 853 549 ἐν
884 526 949 561 pro
985 513 1156 549 adverbio
1190 526 1266 548 esse
1291 518 1421 560 potest3
1457 514 1502 550 cf.
1520 513 1601 558 293,

6 581 9 585 “
68 574 150 619 490,
169 573 239 608 612
255 572 328 618 al).
340 571 367 618 ¹)
394 571 533 606 Sitzleri
559 571 765 606 coniectura
788 571 825 606 ἐν
851 569 883 607 δ’
900 572 967 617 ἄρα
992 575 1040 618 τῷ
1065 573 1215 618 πυμάτῳ
1240 577 1337 618 μυχῷ
1361 572 1455 605 0111111
1477 571 1603 616 proba-

2 618 3 622 *
25 653 27 655 -
69 630 207 665 bilitate
232 629 402 663 destituta
427 633 496 671 est3
530 627 599 662 alia
633 633 764 674 autem,
799 639 870 673 qua
898 632 1148 662 removeantur
1176 627 1281 662 huius
1305 638 1430 661 versus
1455 627 1602 662 difficul-

1 723 7 733 ,
69 692 174 733 tates,
199 685 358 721 nondum
383 670 523 731 prolata
548 689 610 719 est.

2 765 12 785 ς
184 742 380 788 Singularis
406 741 594 776 abundans
619 743 739 777 nescio
765 754 810 777 an
835 743 920 777 item
945 742 1051 777 statui
1074 742 1186 788 possit
1210 742 1247 776 in
1269 753 1303 776 v.
1325 740 1416 776 1252
1439 739 1602 788 Ἐγκελά-

3 833 7 835 .
71 801 160 845 δοιο,
184 799 188 847 Ι
211 798 368 848 Λίτναίη
394 801 455 835 τὸν
479 798 570 847 φλόξ
595 811 680 848 σφιν
703 800 838 847 ἐρητύει
862 804 1032 846 μεμαῶτα
1066 799 1167 847 (σφιν
1197 798 1312 834 refero
1337 798 1384 834 ad
1408 798 1602 846 μεμαῶτα).

5 896 8 898 ,
71 869 215 893 sensum
249 861 387 903 oportet
418 869 495 892 esse
525 856 636 901 illum,
671 868 776 903 quem
803 856 1001 892 Schneider
1031 856 1142 891 efficit
1173 857 1375 891 coniectura
1400 869 1479 891 sua:
1514 856 1604 905 φλὸξ

0 905 4 952 ”.
40 950 43 952 ,
69 917 268 961 κατερητύει
292 918 460 961 μεμαῶτα
487 916 604 960 ‘quem
629 926 773 960 surgere
800 919 988 953 conantem
1012 914 1141 949 retinet
1162 915 1346 960 impositus
1367 925 1469 949 mons
1486 913 1604 949 Aetna

68 972 212 1018 ignibus
237 972 473 1006 exaestuans'.
523 973 551 1006 si
576 984 615 1006 re
640 983 727 1006 vera
751 972 914 1017 graviore
941 983 1028 1017 opus
1054 976 1107 1006 est
1133 972 1336 1006 coniectura
1361 992 1406 996 —
1431 968 1485 1017 ἄρ’
1508 970 1603 1017 quod

69 1033 148 1075 post
180 1040 265 1076 σφιν
300 1028 402 1062 codd.
421 1028 567 1062 tradunt
598 1029 722 1074 utique
756 1028 988 1062 omittendum
1019 1033 1073 1062 est
1103 1033 1138 1062 et
1162 1032 1349 1074 μεμαῶτας
1373 1028 1410 1062 111
1435 1032 1603 1074 μεμαῶτα

70 1085 319 1132 corrigendum
344 1106 391 1110 —
422 1084 631 1121 Schneideri
666 1090 903 1121 commentum
936 1085 1101 1133 praefero
1135 1085 1332 1120 Hermanni
1367 1085 1603 1130 coniecturae,

69 1144 129 1189 qui
154 1143 295 1189 scripsit
319 1142 409 1191 φλόξ
433 1140 468 1178 οἳ
492 1144 557 1189 ἐρ.;
584 1156 618 1189 p.
638 1143 706 1178 793
733 1148 851 1177 autem
876 1157 936 1188 μιν
960 1144 1152 1189 proposuit.
1181 1143 1227 1177 de
1243 1155 1329 1190 σφιν
1345 1154 1409 1189 pro
1433 1143 1602 1188 singulari

68 1204 237 1246 usurpato
269 1199 313 1234 cf.
338 1199 459 1246 hymn.
486 1199 578 1235 hom.
605 1199 734 1235 XVIII
761 1200 814 1245 19,
840 1200 1028 1235 XXVIIII
1053 1200 1086 1242 9,
1113 1199 1221 1246 Soph.
1245 1198 1335 1234 Oed.
1360 1198 1433 1235 Col.
1460 1199 1561 1235 1490.
1572 1199 1602 1247 ²)

31 1252 36 1257 ’
69 1256 163 1303 quod
189 1258 217 1291 si
235 1257 464 1292 Hermannus
490 1258 526 1292 in
551 1270 585 1293 v,
607 1257 699 1292 1235
724 1270 787 1304 pro
813 1258 915 1292 codd.
933 1257 1019 1305 τοίῳ
1045 1271 1082 1293 κε
1107 1258 1228 1305 λύθρῳ
1254 1258 1410 1292 restituit
1433 1256 1520 1305 τοίῳ
1538 1269 1604 1304 σφι

69 1313 209 1359 (‘vobis’
245 1314 447 1361 abundans)
486 1315 617 1362 λύθρῳ,
657 1315 780 1349 melior
818 1320 871 1349 est
902 1314 1021 1349 Abelii
1060 1316 1264 1349 coniectura
1301 1315 1431 1363 τοιῷδε
1469 1314 1602 1361 λύθρῳ.

68 1370 182 1406 forma
207 1383 330 1418 σφισιν
354 1383 424 1406 11011
450 1371 592 1417 legitur3
619 1371 771 1407 Gesneri
797 1372 1000 1407 coniectura
1024 1371 1070 1407 ad
1097 1384 1130 1406 v.
1151 1371 1220 1406 865
1246 1371 1383 1419 prolata
1401 1373 1476 1407 sine
1494 1371 1604 1407 dubio

68 1428 248 1463 reicienda
274 1434 336 1463 est.

182 1485 380 1520 Genetivus
405 1498 474 1520 non
500 1487 679 1521 invenitur
705 1486 766 1533 (cf.
785 1487 951 1532 Krueger
966 1486 1003 1520 ΙΙ
1020 1486 1077 1531 51,
1098 1487 1128 1531 1,
1147 1486 1169 1520 3
1188 1491 1223 1520 et
1242 1485 1311 1532 15).
1354 1487 1603 1521 accusativum

68 1541 88 1578 ἕ
118 1542 291 1579 habemus
325 1555 431 1579 sensu
466 1543 745 1579 demonstrativo
776 1544 976 1579 adhibitum
1007 1545 1041 1578 in
1072 1556 1130 1578 vv.
1150 1543 1230 1589 878,
1252 1543 1352 1588 1081,
1374 1544 1477 1588 1216,
1500 1544 1602 1579 1358.

68 1600 217 1635 fortasse
252 1601 378 1635 collato
411 1600 487 1635 loco
520 1602 698 1636 homerico
733 1604 775 1636 A
799 1602 869 1636 236
901 1600 984 1648 περὶ
1012 1604 1076 1647 γάρ
1107 1603 1150 1647 ῥά
1180 1601 1196 1635 ἑ
1226 1601 1354 1645 χαλκὸς
1386 1599 1493 1648 ἔλεψε
1524 1602 1603 1636 reti-

70 1657 227 1693 nendum
262 1664 315 1693 est
347 1659 383 1693 in
415 1671 448 1693 V.
469 1657 538 1693 805
568 1658 650 1705 περὶ
678 1661 742 1705 γάρ
771 1659 788 1694 ἑ
818 1660 940 1704 τεύχεα
969 1659 1086 1705 λάμπε
1117 1658 1252 1694 adscit-o
1278 1670 1297 1693 e
1324 1658 1426 1694 codd.
1447 1658 1533 1694 dett.
1559 1662 1603 1706 ῥα

69 1718 162 1761 (post
185 1715 278 1762 γάρ),
314 1716 408 1762 quod
442 1728 526 1751 sane
561 1717 766 1751 coniectura
797 1718 895 1752 nasci
925 1717 1093 1763 potuisse,
1120 1717 1149 1750 si
1174 1713 1219 1759 οἱ,
1253 1716 1347 1761 quod
1373 1716 1603 1751 Hermannus

68 1773 217 1818 reponit,
244 1773 278 1807 in
305 1773 322 1808 ἑ
347 1773 495 1819 abierat,
521 1786 591 1808 non
616 1785 719 1819 nego.
769 1779 845 1808 tum
869 1774 886 1809 ἑ
912 1786 975 1820 pro
1001 1786 1068 1822 σφε
1095 1779 1149 1808 est
1173 1778 1212 1807 ut
1237 1773 1478 1808 h.Ven.268.
1517 1786 1604 1809 1111111

70 1831 273 1866 coniectura
298 1830 418 1866 Wielii
444 1831 497 1878 (II
516 1831 575 1878 12)
603 1832 637 1866 in
665 1844 699 1866 v.
720 1831 788 1866 618
814 1844 878 1879 pro
905 1829 980 1868 ἀλλ’
997 1832 1056 1868 ὅτε
1082 1832 1124 1879 δὴ
1149 1830 1293 1867 θυέεσσι
1318 1830 1449 1904 λιτῇσί.
1459 1845 1498 1867 τε
1522 1844 1603 1878 γου-

69 1890 282 1934 νασάμεσθα
307 1889 496 1924 sciibentis
521 1890 635 1932 λιταῖς
658 1888 698 1925 τέ
720 1890 737 1925 ἑ
763 1891 966 1924 necessaria
991 1890 1046 1935 sit,
1073 1889 1208 1924 dubito.

181 1944 269 1988 Μίν,
303 1952 342 1980 ut
374 1946 469 1981 locos
503 1952 626 1993 aperte
662 1953 844 1993 corruptos
880 1947 960 1992 739,
984 1918 1063 1992 770,
1090 1946 1180 1981 1236
1214 1947 1383 1990 omittam,
1420 1946 1603 1982 codicibus

68 2002 275 2038 exhibetur:
303 2004 382 2047 731,
404 2003 505 2049 1044,
526 2004 628 2048 1174,
650 2004 751 2046 1194,
773 2004 874 2039 1256.
917 2009 1103 2051 praeterea
1128 2009 1225 2038 recte
1250 2005 1286 2038 in
1310 2016 1344 2038 v,
1364 2003 1433 2038 938
1453 2003 1603 2039 Abelius

67 2069 132 2104 pro
161 2073 224 2105 νιν,
259 2072 349 2106 quae
375 2060 490 2095 forma
515 2061 698 2107 epicorum
723 2073 793 2095 non
819 2066 872 2096 est
905 2082 952 2086 —
986 2061 1030 2096 cf.
1056 2060 1264 2095 Schneideri
1295 2066 1415 2095 notam
1440 2060 1487 2096 ad
1513 2060 1601 2096 Call.

182 2164 203 2200 ¹)
228 2165 387 2193 Addendus
413 2169 458 2193 est
477 2175 505 2193 v.
522 2167 603 2200 1288,
629 2167 653 2193 si
673 2176 740 2194 cum
760 2167 931 2195 Hermanno
953 2166 1035 2194 codd.
1050 2167 1238 2202 scripturam:
1261 2165 1419 2204 μοιριδίου
1439 2169 1601 2196 θανάτοιο’

11 2221 13 2225 ⁴
67 2212 163 2247 σφέας
183 2211 211 2240 δ’
231 2214 290 2241 ἀπὸ
311 2213 448 2251 ῥωγάδος
468 2214 558 2251 ἄκρης
578 2216 620 2242 sic
639 2216 825 2251 corrigimus:
845 2225 879 2252 μ.
893 2213 1045 2242 θανάτου·
1067 2215 1126 2242 ἀπὸ
1147 2213 1181 2242 δὲ
1201 2215 1298 2251 σφέας
1317 2214 1342 2252 ῥ.
1358 2215 1385 2242 ἅ.
1425 2224 1523 2252 neque
1543 2216 1603 2244 alia

68 2267 139 2286 sane
158 2264 275 2296 praesto
295 2265 340 2289 est
360 2263 538 2297 coniectura,
559 2271 619 2298 qua
638 2266 731 2291 metro
752 2272 956 2291 succurramus
976 2262 1133 2290 laboranti.

182 2308 204 2344 ²)
228 2309 274 2336 An
300 2311 331 2337 in
356 2319 383 2337 v.
400 2311 464 2344 778,
489 2319 577 2346 quem
598 2321 625 2347 p.
641 2313 695 2339 291
717 2313 852 2346 tractavi,
878 2319 996 2347 quoque
1016 2310 1202 2338 scribendum
1223 2314 1267 2338 est
1287 2312 1319 2342 ὅς
1338 2319 1424 2349 σφιν,
1452 2312 1530 2348 quod
1550 2322 1602 2349 pro

68 2354 99 2382 οἱ
117 2359 271 2393 acceptum
291 2358 357 2386 loco
378 2359 536 2386 convenit?
557 2362 637 2387 certe
656 2360 694 2387 ad
714 2360 798 2388 codd.
813 2361 987 2395 scripturam
1008 2360 1041 2390 ὅς
1060 2368 1110 2388 νιν
1129 2360 1262 2396 proxime
1281 2360 1312 2387 id
1332 2360 1456 2388 accedit.
