1734 2492
0 0 166 81 ffiquater
189 17 308 54 decies
337 18 374 52 in
406 17 497 53 thesi
510 17 535 64 ¹)
566 15 704 63 syllaba
728 17 946 63 producitur,
973 18 1200 53 duodevicies
1227 17 1457 65 corripitur2).
1508 17 1569 53 ad-

0 71 140 128 {pii-et
162 76 269 121 igitur
293 86 313 108 e
337 75 473 109 ratione
497 75 645 108 metrica
677 74 821 108 retineri
855 87 958 121 posse
984 75 1147 109 codicum
1171 75 1342 110 lectiones
1367 76 1403 109 in
1421 87 1455 109 v.
1478 75 1568 109 1169

35 129 189 177 ἂῑέλαγος
203 127 427 171 Ἀτλαντικόν
443 135 478 165 et
494 131 531 164 in
551 142 585 164 v.
607 129 650 164 19
675 129 814 176 σπέρμα
831 136 930 180 γονῆς
953 133 995 167 τὸ
1019 132 1180 178 πρόσθεν
1204 131 1315 178 (quod
1340 131 1570 166 confirmatur

9 230 11 232 q
36 199 81 223 ac
105 187 309 229 defenditur
333 187 507 234 exemplis
532 186 719 221 homericis
736 189 783 221 M
795 187 853 232 40,
880 188 901 224 ὃ
922 188 1007 232 688;
1034 188 1263 223 Hermannus
1290 189 1441 223 coniecit
1464 190 1506 224 τό
1530 202 1568 224 τε

10 291 13 295 ἱ
35 245 223 293 πρόσθεν).
250 245 313 280 sed
338 246 402 280 hos
426 244 522 280 locos
546 243 639 278 infra
663 245 865 279 accuratius
890 245 1051 280 tractabo
1076 247 1126 280 rei
1152 247 1407 291 grammaticae
1432 247 1567 281 ratione

0 294 5 296 ⁷
35 302 168 339 habita.
210 315 313 352 >nunc
341 302 379 337 id
405 301 500 348 quod.
525 300 611 336 mihi
636 301 804 347 proposui
829 301 1029 347 adgrediar.

480 486 510 516 Ι.
542 486 596 516 De
621 486 822 517 enuntiatis
837 482 1122 538 ¹declarativis.³¹)

147 609 190 644 In
215 607 466 653 Argonauticis
491 606 538 649 ὡς
563 626 608 631 -
634 606 690 641 ὅτι
721 606 815 641 enim
839 607 980 650 omnino
1004 619 1074 642 non
1099 606 1229 653 legitur
1253 629 1299 633 —
1323 620 1435 654 aeque
1461 614 1567 655 atque

33 666 131 714 apud
154 666 350 701 Homerum
375 664 536 709 adiungit
562 662 619 698 ‘ad
645 662 824 698 obiectum
851 665 1046 699 sententiae
1068 665 1256 710 primariae
1282 666 1491 701 sententiam
1515 679 1566 701 re-

32 723 177 758 lativam
201 722 346 758 modum
370 726 478 767 atque
503 721 675 755 rationem
701 720 972 755 describentem’
999 721 1058 755 vel
1088 721 1146 755 ‘ad
1170 721 1283 756 verba
1307 722 1482 768 quaedam
1507 723 1567 757 ad-

32 781 146 826 iungit
174 780 396 823 sententiam,
432 790 503 825 qua
534 777 661 813 modus
695 781 730 812 et
762 778 851 812 ratio
884 777 1157 824 describitur’.⁴)
1207 778 1269 813 sed
1303 780 1484 814 enuntiata
1508 779 1568 815 illa

31 839 149 885 potius
173 837 428 882 interrogativa
454 847 531 869 esse
558 847 665 881 quam
689 834 839 869 relativa
864 836 1014 870 sensisse
1032 835 1174 870 videtur
1198 835 1388 882 CapelliuS‚
1416 849 1496 872 cum
1521 837 1567 871 ad

31 907 48 930 s
72 894 143 929 423
174 889 257 930 οἶδα
285 895 360 940 γάρ,
394 894 442 935 ὥς
474 905 536 938 μοι
569 892 767 928 ὀδώδυσται
799 892 922 935 κλυτὸς
953 891 1170 938 ἐννοσίγαιος
1202 893 1291 928 haec
1325 893 1568 933 adnotaverit:

0 965 2 969 ’
32 951 105 988 ‘ubi
122 964 191 987 non
210 956 262 986 est
278 951 484 998 Neptunum
502 961 558 985 me
577 949 656 985 odio
674 950 849 996 persequi,
874 949 937 985 sed
955 955 1086 997 quanto
1104 950 1184 986 odio
1201 963 1258 986 me
1275 951 1567 998 persequatur.’⁵)

145 1125 168 1160 ¹)
189 1125 234 1157 77,
256 1122 320 1157 177,
340 1125 405 1157 229,
426 1124 491 1159 292,
512 1124 578 1159 338,
598 1124 663 1156 417,
684 1124 750 1156 525,
771 1124 836 1156 583,
857 1123 921 1156 655,
943 1124 1007 1155 657,
1030 1124 1092 1157 723,
1113 1124 1178 1157 856,
1202 1125 1283 1158 1243,
1306 1126 1387 1152 1376.

145 1181 169 1216 ²)
190 1182 235 1215 29,
264 1182 302 1207 30
322 1180 399 1216 (bis),
426 1181 476 1215 66,
505 1181 571 1215 139,
599 1181 666 1215 160,
694 1181 764 1215 302,
791 1181 859 1215 466,
887 1181 957 1215 492,
985 1181 1050 1214 551,
1077 1181 1141 1214 659,
1167 1182 1238 1215 666,
1267 1182 1348 1215 1062,
1376 1183 1457 1215 1125,
1487 1183 1568 1216 1226,

33 1230 115 1264 1283,
137 1230 219 1263 1323,
241 1230 322 1256 1373.

144 1286 168 1322 ³)
189 1286 232 1314 Cf.
259 1286 294 1313 H.
316 1285 418 1320 Graef,
444 1286 490 1312 De
515 1287 591 1312 coni.
617 1286 655 1315 ὡς
680 1285 793 1320 origine
822 1288 852 1312 et
878 1294 939 1313 usu.
967 1294 1062 1321 progr.
1088 1285 1204 1313 Memel.
1235 1287 1322 1320 18743
1362 1287 1399 1313 ad
1424 1287 1567 1322 originem

30 1335 129 1370 potius
154 1336 268 1370 spectat
291 1334 316 1361 is
339 1333 415 1361 liber
435 1342 522 1369 quam
547 1333 583 1361 ad
603 1342 698 1367 usum,
730 1333 763 1360 P.
784 1332 921 1368 Schmitt,
951 1333 1050 1361 Ueber
1070 1333 1126 1361 den
1147 1334 1302 1370 Ursprung
1322 1334 1348 1362 d.
1371 1334 1566 1363 Substantivs.

32 1382 171 1418 (Schanz,
200 1382 291 1409 Beitr.
321 1391 346 1409 z.
377 1382 444 1409 hist.
475 1383 588 1417 Syntax
615 1381 641 1409 d.
672 1381 781 1417 griech.
812 1381 941 1417 Sprache
970 1381 1000 1417 8)
1028 1382 1184 1417 Herbipoli
1218 1383 1304 1416 1889,
1338 1383 1371 1411 F.
1400 1383 1568 1417 Naumann,

10 1447 12 1450 -
30 1429 78 1457 De
97 1430 136 1459 ὡς
155 1429 319 1466 particulae
338 1429 418 1465 apud
431 1428 612 1464 Aeschylum
632 1430 662 1455 vi
683 1432 713 1456 et
737 1437 801 1456 usu.
822 1429 941 1464 Lipsiae
957 1429 1040 1462 1877,
1061 1429 1115 1456 Th.
1130 1429 1281 1464 Barthold,
1302 1429 1387 1466 Spec.
1401 1429 1490 1457 lexici
1509 1430 1567 1457 Eu-

30 1477 145 1514 ripidei,
166 1486 223 1513 quo
238 1477 404 1514 explicatur
418 1486 488 1504 usus
507 1477 670 1513 particulae
685 1478 730 1508 ὡς.
752 1485 848 1513 progr.
862 1485 960 1513 gymn.
976 1476 1148 1505 Frid.-Guil.
1163 1478 1290 1505 Posnan.
1313 1479 1397 1513 1869,
1418 1487 1446 1514 p.
1463 1479 1497 1505 16
1504 1487 1567 1515 sqq.

30 1525 174 1560 Walther,
200 1525 300 1553 Ueber
320 1526 358 1555 ὡς
377 1526 427 1552 bei
445 1525 587 1552 Herodot.
609 1534 705 1560 progr.
726 1524 863 1552 Hameln.
887 1525 969 1558 1887,
1009 1525 1045 1551 G.
1067 1525 1094 1552 S.
1116 1525 1252 1560 Thomas,
1278 1526 1325 1553 De
1345 1526 1509 1561 particulae
1529 1527 1568 1557 ὡς

30 1580 86 1600 usu
105 1572 283 1599 Herodoteo.
304 1573 424 1608 Lipsiae
446 1573 528 1607 1888,
562 1572 614 1599 Th.
636 1572 748 1605 Wisen,
768 1572 814 1598 De
834 1572 864 1599 vi
890 1574 920 1599 et
939 1580 993 1598 usu
1013 1572 1177 1607 particulae
1197 1573 1235 1603 ὡς
1256 1573 1334 1608 apud
1354 1573 1566 1609 Thucydidem.

30 1621 168 1648 Hauniae
184 1621 266 1655 1862,
285 1620 319 1648 O.
334 1621 480 1655 Karlowa,
495 1620 629 1648 Bemerk.
641 1630 665 1647 z.
680 1620 871 1657 Sprachgebr.
887 1620 913 1647 d.
928 1620 1080 1647 Demosth.
1096 1629 1190 1657 progr.
1205 1620 1297 1650 Pless.
1315 1622 1398 1656 1883,
1418 1631 1445 1658 p.
1464 1624 1476 1649 1
1492 1631 1567 1659 sqq„

31 1669 77 1703 20,
96 1668 131 1696 A.
145 1668 283 1703 Schinck,
303 1669 349 1696 De
370 1670 408 1699 ὡς
427 1672 501 1705 part.
522 1678 578 1696 usu
598 1668 745 1703 Aristoph.
760 1677 854 1704 progr.
875 1668 1162 1696 Neuhaldensleben.
1179 1670 1261 1696 1880.
1282 1669 1401 1705 neglexi
1421 1679 1567 1698 commen-

30 1717 158 1743 tationes
171 1716 208 1743 de
221 1716 390 1743 discrimine
404 1718 481 1743 inter
501 1717 556 1750 ὅτι,
577 1717 623 1749 ὡς,
644 1715 822 1742 infinitivum
843 1715 998 1742 statuendo
1013 1717 1202 1751 conscriptas,
1222 1716 1317 1744 veluti
1330 1717 1364 1745 G.
1375 1717 1497 1751 Weller,
1511 1718 1566 1745 Be-

30 1764 214 1800 merkungen
233 1773 285 1792 zur
305 1765 415 1800 griech.
435 1764 555 1799 Syntax.
577 1773 671 1800 progr.
691 1764 834 1799 Meining.
851 1763 933 1797 1845,
954 1763 989 1790 O.
1003 1763 1158 1798 Riemann,
1179 1764 1265 1801 λέγω,
1286 1758 1428 1802 δείκπᾶυμι
1448 1768 1503 1792 etc.
1529 1767 1568 1796 ὡς

30 1811 103 1839 Rev.
131 1812 168 1839 de
182 1812 293 1852 philol.
319 1813 361 1840 VI
390 1822 416 1848 p.
444 1813 480 1839 73
498 1821 572 1848 sqq„
605 1812 638 1839 A.
660 1811 797 1844 Weiske,
828 1811 887 1837 Zur
915 1811 1024 1846 grieeh.
1054 1811 1175 1847 Syntax.
1201 1812 1278 1840 Ann.
1305 1813 1377 1848 phil.
1399 1813 1566 1841 CXXVIIII

30 1868 58 1896 p.
73 1860 127 1887 821
143 1859 216 1896 sq'q„
231 1860 265 1888 G.
280 1860 410 1894 Goecke,
431 1860 638 1887 Construction
653 1859 704 1886 der
717 1859 808 1886 verba
822 1858 939 1886 dicendi
954 1861 984 1886 et
997 1859 1144 1886 sentiendi
1158 1860 1207 1887 bei
1221 1860 1332 1888 Homer
1351 1861 1412 1888 und
1426 1861 1565 1889 Herodot.

27 1915 125 1944 progr.
140 1908 298 1944 Malmedy.
322 1909 405 1936 1880.

146 1965 169 2001 ⁴)
188 1966 287 1994 Verba
312 1969 381 1994 sunt
400 1966 475 1994 haec
495 1965 621 2002 Capellii
645 1966 677 1992 in
702 1964 853 2000 Ebelingii
877 1964 936 1993 lex.
955 1964 1032 1992 hom.
1058 1965 1088 1992 11
1112 1974 1140 2001 p.
1160 1967 1217 1993 496
1242 1975 1264 1994 s.
1284 1966 1303 1994 1.
1326 1966 1346 1994 ὃ
1366 1969 1395 1994 et
1415 1975 1437 1994 ε.
1478 1966 1566 1994 simili

30 2012 116 2041 modo
136 2013 271 2050 Krueger
290 2014 423 2050 (gramm.
444 2022 540 2050 graec.
561 2014 575 2041 I
594 2014 641 2047 65,
664 2014 689 2047 1,
703 2013 733 2048 3)
754 2012 827 2040 talia
847 2013 1002 2040 enuntiata
1022 2013 1160 2049 explicat.

145 2070 168 2107 ⁵)
188 2071 255 2099 Non
280 2072 432 2099 consentio
458 2081 524 2099 cum
544 2071 686 2104 Wisenio,
712 2071 763 2106 qui
783 2079 811 2105 p.
828 2071 864 2097 29
886 2070 1003 2097 demum
1023 2070 1098 2098 haec
1117 2071 1222 2098 habet:
1254 2072 1299 2098 ‘in
1320 2072 1472 2100 nonnullis
1492 2072 1566 2101 locis

30 2118 69 2147 ὡς
88 2118 349 2154 interrogationem
376 2119 550 2147 indirectam
575 2127 653 2155 quae
678 2118 786 2145 dicitur
810 2117 919 2144 inferre
939 2117 1066 2152 videtur,
1092 2119 1134 2145 ita
1161 2122 1195 2145 ut
1213 2119 1273 2146 vim
1299 2120 1463 2155 particulae
1487 2121 1566 2151 ὅπως

29 2164 151 2193 habeat'
192 2166 299 2201 (adfert
318 2167 371 2195 ille
390 2167 484 2207 Thuc.
505 2167 531 2194 V
553 2167 578 2200 7,
593 2168 611 2193 4
631 2165 739 2193 ἐθεᾶτο
759 2166 813 2200 τὴν
833 2165 921 2192 θέσιν
941 2168 992 2199 τῆς
1012 2164 1126 2196 πόλεως
1141 2187 1146 2192 .
1163 2187 1168 2193 .
1185 2188 1190 2193 .
1206 2167 1244 2197 ὡς
1264 2164 1329 2203 ἔχοι
1348 2167 1482 2203 aliosque
1502 2169 1566 2196 eius

0 2212 109 2253 ,jmodi
127 2212 231 2249 locos),
251 2217 405 2250 postquam
431 2223 458 2250 p.
474 2215 510 2241 26
530 2214 621 2242 verba
646 2214 717 2241 fecit
742 2214 778 2240 de
805 2213 968 2239 enuntiatis
988 2213 1097 2240 obiecti
1118 2222 1195 2249 quae
1215 2218 1368 2249 vocantur,
1394 2216 1446 2242 ubi
1467 2216 1504 2246 ὡς
1524 2217 1566 2242 ita

0 2256 101 2301 '‘-Jponi
120 2260 255 2297 dicitu).
271 2261 330 2297 26),
356 2263 404 2289 ‘ut
423 2262 485 2289 fere
509 2263 553 2289 vis
579 2270 614 2289 ac
639 2264 769 2298 potestas
793 2259 957 2296 particulae
982 2260 1029 2287 ὅτι
1055 2261 1082 2287 ei
1103 2261 1259 2288 tribuenda
1278 2262 1338 2289 sit'.
1379 2266 1482 2289 contra
1502 2271 1564 2298 per-

10 2311 115 2338 lversa
133 2307 222 2344 plane
242 2312 320 2344 sunt,
345 2318 422 2346 quae
442 2310 635 2337 Naumannus
654 2310 697 2337 ait
716 2318 744 2345 p.
764 2310 796 2336 5:
831 2306 992 2335 ‘descendit
1012 2307 1085 2335 haec
1106 2308 1282 2344 significatio
1303 2331 1309 2336 .
1330 2332 1336 2337 .
1358 2331 1363 2337 .
1384 2310 1421 2337 ab
1441 2319 1496 2337 usu
1517 2310 1566 2338 de-
