1714 2583
56 67 197 111 θνητῶν
222 65 433 110 ἀνθρώπων,
467 64 499 98 εἰ
531 62 590 98 καὶ
622 63 717 108 μάλα
741 76 795 105 τις
820 66 956 110 θρασὺς
979 63 1044 110 εἴη,
1077 64 1134 98 III
1163 64 1228 98 196
1254 67 1331 107 τοῖς
1355 65 1391 100 εἴ
1415 78 1494 108 πως
1518 67 1595 112 ἐρύ-

55 133 180 168 σαιμεν
206 117 369 166 Ἀχιλλέα
395 119 590 169 δῃωθέντα,
616 119 746 163 ἵπποις
769 121 832 166 μὲν
856 119 944 166 μέγα
968 120 1072 163 κῦδος
1096 119 1304 167 ὀρέξομεν.1)

171 178 237 212 His
262 178 466 223 praemissis
491 177 562 211 iam
581 177 903 222 Argonautieorum
927 177 1045 212 locum
1061 189 1083 212 a
1108 178 1351 222 grammaticis
1377 179 1475 213 varie
1505 184 1594 214 trac-

55 239 168 270 tatum
202 235 442 280 inspiciamus.
500 232 713 268 Colchorum
747 245 813 268 rex
838 235 1065 280 quaesiverat
1098 246 1144 269 ex
1171 234 1388 280 Argonautis
1416 236 1516 270 cuius
1541 237 1592 271 rei

56 304 165 327 causa
197 292 234 326 in
267 297 400 326 terram
433 303 534 325 suam
561 295 596 325 et
629 290 676 325 ad
709 296 853 337 gentem
880 303 980 327 suam
1013 292 1140 327 fortem
1165 292 1357 327 venissent.
1409 293 1593 339 respondit

54 349 158 385 Iason
193 362 231 383 se
262 362 284 383 a
317 354 443 395 patruo
470 347 585 382 vellus
611 360 758 382 aureum
794 348 930 383 Iolcum
961 349 1102 383 adferre
1135 349 1269 383 iussum
1294 349 1484 384 advenisse
1511 362 1593 384 cum

54 408 139 441 viris
164 406 328 450 fortibus,
366 405 512 441 deorum
539 410 600 440 aut
624 404 771 440 heroum
796 404 886 440 filiis.
945 405 1149 452 indignatus
1179 406 1306 440 Aeetes
1332 405 1412 440 dolo
1438 406 1595 452 quodam

55 464 259 510 excogitato
285 463 386 498 dicit:

355 550 388 584 εἰ
411 550 476 594 μὲν
501 549 543 595 δὴ
568 549 762 592 Κόλχοισιν
787 550 1035 596 ἀρηιφάτοισιν
1058 549 1187 584 ἐσάντα

259 605 330 640 845
355 604 587 652 μαρναμένοις
610 605 831 641 ἐπιθεῖσθον
855 604 1078 653 ἀποφθίσειν
1103 605 1203 651 μένος
1227 605 1364 651 ἀνδρῶν

356 660 509 698 ἔλπεσθ’
526 664 574 705 ὥς
598 675 656 697 κεν
680 662 847 710 ἀδήριτον
870 661 972 708 γέρας
996 660 1138 698 ἔσσεται
1163 663 1244 708 ὑμῖν

354 724 448 762 κῶας
473 718 696 766 ἀειρομὲνους
721 717 812 755 ἰέναι
837 721 926 766 πρὸς
950 718 1107 766 πατρίδα
1131 723 1233 765 γαῖαν

355 778 388 812 εἰ
413 776 454 813 δέ
477 791 516 812 νυ
541 781 671 823 παῦροι
696 777 811 819 ἐόντες
835 775 1059 812 ὑποκλίνοιτε
1085 777 1236 824 φάλαγγι

354 833 501 882 ἡμετέρῃ
526 835 606 869 τότε
632 838 695 880 νῆα
719 832 1021 880 καταφθιμένοισι
1046 837 1195 868 κεάσσαι

261 891 331 926 850
355 891 388 926 εἰ
413 889 453 927 δέ
476 889 516 925 κέ
541 903 603 936 μοι
627 889 830 926 πείθοισθε
855 892 897 925 τὸ
921 889 979 925 καὶ
1005 890 1097 926 πολὺ
1121 889 1259 936 κέρδιόν
1282 890 1358 925 ἐστι

356 946 532 994 κρίναντες
556 945 622 982 τίν’
640 947 783 993 ἄριστον
809 947 829 995 ἢ
855 946 894 990 ὃς
918 947 1166 994 βασιλεύτερός
1189 946 1286 982 ε’στιν

355 1005 448 1052 ὄφρα
472 1018 510 1039 κε
535 1003 722 1052 πειρηθεὶς
746 1003 888 1040 ἀέθλων
912 1003 972 1047 οὓς
997 1006 1101 1047 αὐτὸς
1124 1002 1257 1039 ἐνίσπω

356 1067 449 1105 κῶας
473 1061 532 1110 ἕλῃ
557 1063 716 1108 χρύσειον
741 1060 761 1097 ὃ
786 1061 846 1097 καὶ
871 1060 971 1108 γέρας
995 1059 1137 1097 ἔσσεται
1161 1063 1252 1108 ὑμῖν.

171 1148 354 1194 Proposui,
390 1159 480 1193 quae
515 1147 643 1182 Abelio
677 1152 767 1182 teste
801 1147 925 1193 optimi
956 1146 1059 1182 codd.
1088 1147 1275 1191 exhibent,
1311 1148 1594 1193 interpunctione

58 1205 217 1240 consulto
251 1204 460 1251 neglecta.²)
518 1210 669 1250 egerunt
702 1204 747 1239 de
782 1204 848 1239 hoc
882 1204 959 1239 loco
992 1210 1135 1250 praeter
1169 1204 1320 1239 editores
1354 1204 1506 1239 Wielius
1538 1204 1595 1239 III

57 1263 103 1297 22
117 1275 182 1309 sq.,
210 1263 268 1297 Fr.
290 1262 523 1297 Schubertius
541 1262 561 1296 l.
582 1274 608 1295 s.
629 1274 658 1296 c.
678 1274 711 1308 p.
731 1261 802 1296 480
820 1274 884 1308 sq.,
904 1261 1031 1296 Sitzler
1056 1260 1077 1296 l.
1098 1274 1124 1296 S.
1144 1274 1173 1296 c.
1193 1273 1469 1307 percenseamus
1488 1262 1595 1307 igitur

58 1321 260 1368 quae-viris
288 1320 401 1354 doctis
428 1319 698 1366 displicuerunt.
750 1319 989 1363 Hermannus,
1017 1320 1077 1366 qui
1102 1320 1310 1367 ἐπιθῆσθον
1334 1319 1430 1365 legit,
1462 1332 1526 1366 pro
1552 1320 1595 1368 δή

58 1378 108 1424 (v,
128 1377 213 1422 844)
239 1390 297 1412 κεν
322 1378 491 1423 reposuit,
518 1379 568 1411 ‘ut
594 1376 742 1411 haberet
768 1377 1027 1421 coniunctivus‚
1053 1377 1148 1411 unde
1175 1376 1368 1423 penderet'.
1408 1377 1471 1411 sed
1495 1382 1593 1412 recte

57 1434 210 1470 Wielius
236 1434 325 1468 haec
352 1435 514 1480 opponit:
541 1433 649 1479 ‘quod
675 1446 745 1468 non
762 1434 1005 1468 necessarium
1030 1433 1139 1468 fuisse
1166 1434 1295 1468 docent
1320 1434 1502 1480 epicorum
1526 1434 1594 1469 loci

56 1491 153 1525 haud
178 1491 260 1534 rari,
293 1491 422 1536 quibus
452 1490 486 1525 εἰ
512 1491 741 1524 coniunctum
767 1496 820 1524 est
846 1490 1093 1525 coniunctivo.’
1145 1502 1210 1535 ego
1237 1502 1317 1524 cum
1344 1490 1472 1524 Abelio
1498 1495 1595 1536 opta-

57 1549 170 1582 tivum
204 1547 483 1593 praeferendum
516 1559 594 1581 esse
629 1547 737 1590 du003
779 1559 863 1581 nam
898 1558 1116 1593 quamquam
1149 1548 1186 1580 in
1218 1551 1319 1581 tanta
1350 1547 1594 1593 exemplorum

56 1605 237 1650 paucitate
271 1604 418 1638 difficile
445 1609 498 1638 est
533 1604 620 1637 certi
646 1603 731 1649 quid
766 1609 932 1647 statuere,
970 1608 1171 1638 ceterorum
1205 1604 1417 1649 scriptorum
1450 1616 1519 1638 usu
1542 1616 1594 1637 re-

59 1667 182 1708 specto
209 1662 437 1696 coniunctivo
469 1661 526 1695 hic
560 1660 657 1696 locus
683 1672 753 1695 non
788 1673 865 1695 esse
892 1660 1044 1695 videtur.
1095 1672 1212 1707 neque
1238 1672 1319 1695 cum
1351 1660 1593 1696 Herwerdeno

20 1733 23 1736 ⁴
56 1719 240 1762 faciemus,
276 1720 337 1765 qui
371 1718 392 1753 l.
421 1731 450 1753 c.
478 1730 542 1764 pro
577 1718 752 1753 ‘absurda
777 1718 901 1753 forma'
929 1719 1149 1754 ἐπιθεῖσθον
1181 1719 1345 1765 proponit
1377 1715 1593 1765 ἐπορούσετ’,

57 1776 265 1822 praesertim
300 1787 381 1810 cum
409 1775 631 1821 corruptelae
666 1777 838 1810 rationem
874 1788 911 1810 se
944 1776 1070 1821 fugere
1104 1777 1180 1821 ipse
1213 1775 1377 1811 fateatur.
1428 1777 1464 1810 in
1498 1776 1594 1811 duali

55 1835 150 1868 enim
176 1834 397 1868 ἐπιθεῖσθον
422 1846 485 1880 pro
511 1845 659 1867 numero
685 1832 814 1879 plurali
844 1835 957 1879 posito
983 1832 1237 1868 offendendum
1263 1845 1338 1868 esse
1363 1845 1408 1867 ne
1442 1833 1593 1868 Wielius

56 1891 200 1936 quidem
232 1891 425 1934 contendit,
460 1903 675 1936 quamquam
710 1891 882 1925 suadente
919 1891 1124 1925 mutationis
1157 1890 1302 1925 lenitate
1336 1890 1444 1925 scribi
1477 1890 1592 1925 iubet:

55 1944 246 1996 ἐπιθῆσθ’,
281 1946 321 1982 ὃν
348 1946 572 1995 (ἀποφθίσει
597 1947 700 1993 μένος
723 1948 886 1995 ἅνδρας);
922 1960 1005 1983 nam
1031 1948 1106 1982 sive
1137 1947 1205 1982 loci
1231 1948 1411 1992 homerici,
1437 1948 1497 1994 qui
1523 1947 1594 1982 huc

174 2074 194 2108 ¹)
216 2074 289 2100 Loci
310 2073 469 2100 Nicandrei
491 2082 556 2099 cum
579 2076 631 2099 aut
651 2074 767 2100 obscuri
787 2077 839 2100 aut
860 2074 902 2100 ita
924 2073 1005 2100 dubii
1025 2074 1092 2107 sint,
1119 2076 1152 2100 ut
1172 2082 1189 2100 a
1210 2073 1343 2100 codicum
1368 2076 1484 2100 tantum
1508 2074 1594 2100 aesti-

56 2123 187 2148 matione
209 2122 355 2157 scriptura
375 2121 512 2156 pendeat,
534 2121 616 2147 nolui
638 2129 674 2148 ex
695 2129 730 2148 eo
752 2121 889 2157 exempla
909 2124 1010 2157 petere
1030 2123 1090 2148 tam
1112 2121 1226 2149 infirmo
1247 2122 1312 2149 nisa
1331 2121 1532 2149 fundamento.

171 2170 193 2205 2)
215 2169 397 2197 ἐπιθεΐσθον
418 2169 438 2196 S
459 2173 489 2196 et
508 2173 541 2196 ut
561 2170 618 2196 vid.
633 2168 717 2205 RVo]
740 2168 912 2204 ἔπιθῆσθον
933 2169 959 2195 V
981 2168 1132 2206 .ἅνδρῶν]
1155 2169 1269 2207 ἄνδρας
1289 2170 1359 2197 dett.
1381 2167 1498 2197 ἔσσεται
1517 2169 1594 2205 ὑμῖν

55 2227 132 2244 unus
153 2217 172 2244 S
194 2218 241 2253 (cf.
257 2217 395 2243 Abelium
409 2217 441 2243 in
456 2217 653 2252 ephemeride,
674 2225 751 2252 quae
766 2217 936 2244 inscribitur
955 2216 1101 2252 Philolog.
1117 2217 1324 2244 Wochenschr.
1344 2225 1370 2245 a.
1388 2217 1469 2250 1882,
1483 2226 1510 2252 p.
1526 2215 1592 2252 22⁷]

54 2263 149 2293 ἔσσετ’
164 2264 196 2292 ἐν
216 2265 293 2301 ὑμῖν
314 2264 429 2300 reliqui.
462 2265 488 2292 εἰ
509 2263 547 2292 δέ
564 2273 602 2292 νυ
622 2264 669 2291 VS
691 2268 721 2291 et
741 2267 774 2291 ut
794 2264 852 2292 vid.
868 2263 923 2300 Vo]
946 2265 972 2292 εἰ
993 2263 1027 2291 δὲ
1047 2265 1073 2291 R
1093 2264 1272 2292 Schneidero
1293 2267 1376 2292 teste.
1404 2264 1593 2292 ὑποκλίνοιτε

54 2313 74 2339 S
95 2316 125 2339 et
145 2316 180 2339 ut
199 2313 257 2339 vid.
272 2311 308 2348 R]
331 2312 509 2346 ὑποκλίνητε
524 2312 558 2339 V.
580 2311 713 2348 κεάσσαι]
735 2313 838 2345 κεάξαι
858 2312 914 2339 VS.
935 2313 970 2339 κέ
988 2313 1019 2338 in
1037 2312 1063 2339 V
1085 2321 1156 2339 corr.
1179 2320 1195 2338 e
1215 2312 1272 2339 καὶ.
1294 2313 1454 2339 πείθοισθε
1476 2320 1554 2339 unus
1574 2311 1594 2338 S

55 2360 105 2395 (cf.
120 2360 255 2387 Abelium
277 2360 295 2387 l.
312 2359 361 2396 c.)]
384 2362 532 2394 πείθησθε
554 2360 605 2386 rel.
627 2359 749 2398 κέρδιόν
770 2359 861 2396 ἐστιν]
883 2359 1005 2397 κέρδιον
1026 2356 1114 2397 οἶμαι
1135 2360 1162 2387 S.
