1734 2492
0 5 122 49 ἐν
142 13 264 60 Κρήτῃ
297 12 423 46 πάθον
455 10 560 55 ἄλγεα
592 8 791 55 τετληῶτες,
823 8 827 55 Ι
858 9 1018 53 χάλκειον
1050 7 1247 55 τριγίγαντα
1281 8 1493 53 δοκεύμενοι,
1528 4 1609 54 ὄφρ’

0 53 35 88 ‘f'
63 58 66 60 ·

77 64 264 114 ἱκόμεσθα,
290 78 335 101 ne
352 66 477 112 longus
496 67 572 111 sim,
597 64 719 100 Wielii
736 65 848 99 verba
866 65 954 111 (IIII
975 65 1034 110 12)
1052 65 1242 111 proferam,
1269 66 1328 111 qui
1346 70 1442 99 recte
1469 64 1514 98 de
1539 62 1608 98 ho'o

8 119 11 121 ’
76 124 155 161 loco
178 123 357 160 iudicasse
382 122 468 159 mihi
492 121 651 158 videtur:
694 123 791 157 ‘oum
815 123 890 157 sive
916 122 1083 157 veniendi
1113 123 1188 157 sive
1218 121 1445 169 supplicandi
1469 122 1545 156 sive
1570 121 1608 155 vi

78 187 114 217 et
137 183 245 218 armis
270 181 440 216 vincendi
468 181 563 215 notio
593 184 745 226 utroque
774 179 869 215 loco'
897 201 935 205 ——
971 181 1103 226 optimo
1129 181 1205 215 iure
1229 180 1288 215 ille
1315 180 1452 215 confert
1476 192 1509 214 v,
1536 178 1608 213 939

57 237 134 287 ,ἠδ’
151 240 199 282 ὡς
222 241 317 286 θῆρα
342 237 502 285 πέλωρον
526 233 695 283 ἱκοίμεθα
727 256 772 261 -
804 238 928 283 ‘aeque
953 238 1075 283 inepta
1100 238 1144 271 sit
1163 265 1170 271 .
1191 265 1197 271 .
1217 264 1237 279 .‚
1264 249 1333 272 non
1359 237 1494 283 dubito,
1520 236 1607 283 quin

77 296 161 332 huic
185 294 360 331 vocabulo
395 294 651 340 significatione
675 292 897 340 aliquantum
922 295 1106 329 immutata
1131 294 1285 341 quidem,
1320 295 1384 329 sed
1409 294 1456 329 ad
1489 294 1607 329 home-

77 355 192 389 ricum
216 352 305 388 illud
329 355 371 388 A
391 351 458 386 139
483 350 503 387 ὃ
522 350 562 387 δέ
584 364 643 386 κεν
666 351 908 395 κεχολώσεται,
934 349 973 386 ὅν
996 364 1054 386 κεν
1078 351 1208 397 ἵκωμαι
1233 353 1393 398 proxime
1411 351 1607 386 accedente

78 423 122 446 ea
146 411 201 445 vis
226 409 443 444 vindicanda
470 409 525 453 sit,
552 419 657 454 quam
675 407 885 443 Latinorum
911 408 1185 454 superveniendi
1210 409 1321 444 verbo
1347 409 1532 455 aliquoties
1558 409 1606 443 in-

78 479 155 503 esse
188 466 366 508 videmus,
401 471 519 501 nostro
553 470 673 500 autem
707 466 835 500 ‘einem
867 465 1116 501 beikommen.’
1168 478 1380 512 quamquam
1415 466 1606 501 difficultas

78 524 256 572 quaedam
280 528 393 558 restat
416 524 450 558 in
478 522 653 557 vocabulo
679 522 892 569 δοκεύμενοι,
918 535 940 557 a
965 534 1034 569 quo
1060 523 1214 569 pendere
1241 529 1474 569 expectamus
1500 535 1606 558 enun-

76 582 202 616 tiatum
227 580 273 615 ab
299 581 392 629 ὄφρα
422 580 607 627 ἰῃοίΡίθιιε.
658 584 755 614 recte
790 580 882 615 enim
909 580 1146 624 Hermannus,
1182 581 1242 626 qui
1275 580 1370 615 hunc
1404 580 1521 615 locum
1557 582 1607 615 ita

76 639 328 684 interpretatus
361 642 429 672 est:
477 638 676 683 ‘gigantem
710 636 894 683 speculati,
937 636 1051 671 donec
1086 637 1231 672 tandem
1264 637 1514 683 pervenimus’,
1548 638 1607 672 ad-

76 699 190 730 notat:
234 694 315 729 ‘sed
346 695 424 740 quis
450 694 518 728 sibi
547 693 765 740 persuadeat
788 699 862 728 tam
885 694 1009 728 inutile
1035 699 1070 728 et
1094 695 1254 740 ineptum
1279 694 1561 728 additamentum
1585 707 1607 729 a

54 756 182 799 'poeta
215 751 322 786 etiam
355 751 526 786 mediocri
559 749 737 797 proficisci
770 750 951 797 potuisse!
1003 750 1065 785 sed
1091 750 1220 785 Abelio
1254 755 1344 785 teste
1369 750 1529 785 inlibris
1555 756 1608 785 est

77 809 292 855 δοκεύμενος,
327 809 377 843 ita
401 813 441 843 ut
470 819 584 854 aequo
609 808 685 843 iure
712 819 793 842 cum
820 807 950 842 Wielio
976 808 1181 854 δοκεύμενον
1206 807 1362 842 scribere
1388 807 1504 854 liceat,
1538 820 1608 855 qua

79 867 285 902 coniectura
309 871 460 913 accepta
484 865 677 900 difficultas
702 864 763 900 illa
779 866 963 900 evanescit
987 877 1103 912 neque
1121 877 1208 912 opus
1226 870 1279 900 est
1295 865 1492 900 Hermanni
1517 878 1607 901 com-

76 929 195 960 mento
220 922 379 971 κίχοιμεν
402 929 466 959 aut
490 922 698 959 Schneideri
724 923 906 970 δάμοιμεν.

191 981 269 1016 Iam
286 993 372 1016 vero
398 980 612 1016 accedamus
630 980 676 1015 ad
701 979 781 1016 ἐπεί
805 985 840 1015 et
865 982 1020 1028 primum
1046 981 1190 1027 quidem
1207 993 1356 1027 agamus
1382 981 1427 1016 de
1446 981 1608 1027 diversis,

78 1051 166 1086 quos
181 1038 306 1085 Zycha
330 1043 366 1073 et
382 1038 600 1073 Dietrichius
625 1039 660 1073 in
680 1038 1033 1073 commentationibus
1059 1040 1130 1072 suis
1156 1044 1425 1084 proposuerunt,
1451 1038 1608 1073 locorum

79 1096 246 1132 numeris,
297 1095 384 1130 dicit
417 1095 476 1130 ille
510 1095 621 1130 333ἰθε
654 1094 735 1131 ἐπεί
766 1096 931 1142 usurpari
964 1108 1070 1131 sensu
1104 1095 1236 1130 causali
1270 1095 1366 1142 apud
1401 1095 1608 1140 Homerum,

77 1165 183 1188 sensu
207 1152 392 1199 temporali
418 1152 540 1197 271³0⁵‚
572 1157 695 1187 contra
713 1152 929 1187 Dietriehius
955 1165 989 1199 p.
1009 1152 1055 1187 25
1081 1153 1169 1186 haec
1194 1152 1345 1199 profert:
1372 1152 1503 1198 legitur
1527 1152 1609 1188 ἐπεί

76 1210 125 1245 Μ.
144 1210 185 1245 Τ.
204 1211 226 1245 i.
246 1221 275 1245 e.
298 1211 335 1244 vi
359 1222 456 1245 mere
481 1209 683 1257 temporali:
711 1209 833 1255 373i⁰⁸7
859 1209 903 1246 Τ.
923 1209 961 1245 C.
981 1211 1001 1245 i.
1022 1223 1051 1245 e.
1071 1210 1266 1256 temporali,
1294 1211 1350 1245 cui
1369 1210 1521 1245 causalis
1538 1211 1610 1246 iam

78 1268 215 1303 subest:
241 1266 336 1312 27i⁶⁵‚
363 1268 404 1303 T.
424 1268 462 1302 O.
481 1269 502 1302 i.
522 1280 552 1302 e.
571 1273 606 1302 et
630 1268 817 1314 temporali
842 1274 878 1302 et
903 1268 1051 1303 causali:
1079 1267 1173 1310 3713,
1191 1268 1233 1302 T.
1253 1268 1292 1304 C.
1312 1269 1333 1302 i.
1354 1281 1383 1303 e.
1404 1268 1546 1312 causali,
1572 1270 1609 1303 in

79 1337 151 1372 qua
179 1324 384 1371 temporalis
414 1325 572 1359 nondum
603 1326 764 1360 evanuit:
797 1324 913 1370 filies,
945 1325 994 1359 M.
1018 1324 1057 1360 C.
1082 1326 1103 1359 i.
1123 1337 1152 1359 e.
1177 1337 1274 1360 mere
1305 1324 1454 1359 causali:
1490 1324 1609 1369 225i⁰³,

77 1383 146 1429 vel,
173 1383 201 1418 si
228 1395 309 1418 eum
333 1382 512 1429 Ebelingii
536 1382 663 1428 lexico,
690 1394 759 1429 quo
785 1382 911 1418 collato
935 1388 1033 1417 recte
1059 1384 1094 1417 in
1120 1383 1326 1417 universum
1374 1382 1610 1417 Dietrichium

78 1445 299 1487 computasse
328 1440 416 1475 mihi
444 1441 617 1486 persuasi,
649 1440 897 1486 significationi
928 1440 1061 1474 causali
1090 1440 1327 1474 adscribimus
1357 1441 1452 1475 locos
1484 1440 1610 1474 litteris

76 1497 125 1533 M.
150 1496 190 1532 C.
214 1502 249 1532 et
273 1497 315 1532 T.
340 1497 379 1534 C.
403 1498 598 1543 insignitos,
626 1503 761 1532 ceteros
786 1498 982 1544 temporali,
1012 1497 1120 1531 437ἰθς
1147 1509 1253 1532 sensu
1279 1496 1475 1544 temporali,
1501 1495 1608 1531 336ies

77 1567 184 1590 sensu
202 1554 345 1590 causali.
387 1556 507 1602 itaque
524 1554 649 1601 Zycha
666 1554 762 1590 locos
780 1555 860 1600 604,
886 1555 1104 1590 Dietrichius
1123 1554 1192 1589 773
1215 1561 1387 1590 numerat.
1438 1554 1610 1601 putabam

77 1613 170 1647 hanc
195 1613 470 1659 repugnantiam
495 1613 544 1646 ita
571 1612 644 1646 tolli
671 1624 787 1658 posse,
812 1617 852 1646 ut
876 1611 1035 1658 Zycham
1060 1624 1185 1646 versus
1211 1613 1379 1658 repetitos
1404 1611 1513 1647 semel
1537 1618 1610 1646 tan-

76 1674 151 1707 tum
182 1681 388 1705 numerasse
421 1681 608 1705 sumerem.
660 1669 722 1704 sed
754 1669 821 1704 hoc
854 1681 924 1704 non
950 1668 1115 1704 sufficere
1142 1681 1227 1704 mox
1258 1669 1429 1705 intellexi.
1480 1669 1611 1704 etenim

78 1727 260 1762 contendit
283 1726 409 1773 Zycha
433 1739 468 1773 p.
495 1726 541 1761 85
571 1728 607 1761 in
637 1728 828 1761 enuntiatis
858 1726 1113 1772 temporalibus
1139 1726 1194 1761 bis
1219 1731 1358 1760 tantum
1383 1726 1453 1771 legi
1482 1727 1610 1772 imper-

77 1783 223 1828 fectum,
250 1783 459 1829 Ebelingius
484 1789 603 1818 autem
631 1783 664 1829 (I
689 1783 780 1818 4351’
795 1783 833 1828 b)
860 1783 1049 1818 duodecim
1080 1783 1176 1818 locos
1200 1783 1328 1827 adfert,
1354 1795 1374 1817 e
1400 1782 1530 1829 quibus
1557 1795 1610 1827 ea,

78 1852 186 1886 quam
219 1853 327 1888 supra
360 1840 528 1886 indicavi,
563 1842 700 1876 ratione
735 1854 799 1876 sex
831 1846 969 1876 tantum
1004 1840 1142 1876 detrahi
1176 1846 1333 1888 possunt.
1384 1853 1428 1875 ac
1461 1852 1506 1875 ne
1532 1841 1611 1887 quis

77 1898 167 1934 forte
185 1898 283 1933 dieat
308 1911 388 1934 eum
405 1898 591 1933 nonnullos
608 1898 703 1934 locos
727 1898 976 1944 significationi
1003 1899 1136 1934 causali
1153 1899 1398 1945 adscripsisse,
1424 1898 1611 1933 videamus

78 1960 164 2001 quot
196 1955 408 2002 imperfecta
441 1957 478 1990 vi
513 1956 647 1991 causali
680 1961 851 2003 usurpata
884 1957 1123 1991 inveniantur.
1186 1956 1413 2001 Ebelingius,
1452 1956 1481 1990 si
1513 1960 1611 1990 recte

79 2013 294 2059 computavi,
329 2012 347 2047 I
371 2013 464 2048 436⁶
486 2013 509 2047 d
544 2014 745 2060 promiscue
773 2013 815 2046 71
851 2012 948 2048 locos
974 2019 1237 2058 commemorat,
1272 2013 1333 2048 ubi
1363 2013 1612 2059 imperfectum

78 2068 137 2103 vel
161 2069 551 2116 plusquamperfectum
576 2070 714 2116 legitur.
755 2070 908 2105 eundem
934 2071 1009 2105 fere
1034 2082 1221 2106 numerum
1247 2070 1354 2105 habet
1379 2070 1611 2114 Dietrichius,

78 2124 161 2159 dico
187 2125 243 2161 69.
271 2125 397 2172 Zycha
421 2139 491 2161 non
517 2126 608 2172 plus,
635 2126 700 2161 sed
726 2127 842 2161 minus
868 2127 994 2161 habet:
1021 2127 1067 2161 55
1092 2127 1313 2173 imperfecta,
1342 2127 1386 2161 10
1410 2127 1612 2173 plusquam-

80 2181 250 2229 perfecta.
300 2183 378 2217 fieri
402 2184 512 2228 igitur
536 2195 606 2218 non
631 2184 757 2230 potuit,
784 2184 868 2230 quin
895 2183 1040 2230 Zychae
1066 2184 1174 2219 fidem
1200 2184 1425 2229 denegarem.
1465 2184 1501 2219 id
1528 2196 1612 2218 sane

80 2239 351 2274 concedendum
382 2241 449 2275 erit
478 2240 575 2287 apud
604 2240 800 2275 Homerum
830 2242 904 2276 vim
937 2241 1114 2276 causalem
1144 2241 1255 2276 multo
1286 2241 1427 2287 saepius
1461 2242 1612 2275 inveniri

80 2307 187 2343 quam
203 2297 239 2331 in
258 2296 520 2344 Argonauticis‚
539 2309 688 2345 quorum
705 2297 801 2333 locos
819 2311 852 2334 V.
876 2298 968 2334 1094
984 2305 1107 2346 utpote
1125 2299 1294 2334 lacunoso
1312 2298 1474 2346 neglecto
1494 2299 1610 2335 statim
