1734 2492
9 59 259 121 ,affici-‘riganda
283 75 367 107 sunt
389 91 437 96 —
462 68 614 104 Wielius
638 68 658 103 Ι
682 69 739 114 35,
769 74 809 103 ut
838 75 1037 104 structurae
1068 70 1361 116 impeditissimae
1386 68 1584 118 μητίεσθαί

195 6 205 64 Ἰ
233 13 464 62 Περσεφόνην
491 10 576 60 περὶ
599 13 734 59 πατρὸς
758 11 998 58 ἀμαιμακέτου
1022 10 1237 59 Κρονίωνος·
1280 12 1495 59 explicanda
1520 17 1583 47 ³¹⁸

0 120 183 177 ’δι’ἴτινα
206 127 290 176 περὶ
313 125 409 171 τινος
437 126 652 170 mederetur,
685 125 783 160 initio
816 127 973 172 proximi
1007 138 1131 161 versus
1165 131 1376 175 μηχανόωσα
1408 138 1582 173 reponere

0 183 24 236 ’ᾗς
45 178 172 233 voluit3
199 183 415 221 Schenkelio
432 184 468 218 in
486 187 642 218 mentem
665 183 777 217 venit:
803 183 907 231 κούρῃ
927 184 1136 232 Περσεφόνῃ
1161 205 1205 209 -
1233 189 1343 219 restat
1360 190 1457 218 certe
1475 196 1583 218 enun-

4 244 7 247 ’
39 246 173 282 flatum
197 242 387 278 relativum
413 241 492 287 pari
517 241 593 275 iure
620 239 846 274 coniunctum
874 252 956 274 cum
983 240 1226 284 substantivis,
1255 253 1345 287 quae
1363 241 1582 277 antecedunt

2 303 11 326 ·’
45 307 82 340 et
95 293 304 348 sequuntur.
332 298 377 333 de
395 310 428 332 V.
448 296 564 332 *1010
589 298 703 344 θῆράς
726 294 758 331 τ’
775 297 918 339 οἰωνούς
939 310 988 340 τε,
1014 299 1058 332 τά
1079 311 1116 332 τε
1142 297 1223 341 ζώει
1248 312 1286 333 τε
1311 298 1369 334 καὶ
1395 298 1495 344 ἕρπει
1521 298 1580 333 ad-

46 360 177 394 sentior
210 354 428 391 Schneidero
462 359 615 400 poetam,
651 365 733 387 cum
766 353 886 388 dicere
919 354 1027 388 vellet
1059 353 1119 389 καὶ
1151 354 1235 401 ζῷα,
1269 354 1292 389 ἃ
1325 354 1439 400 ἕρπει,
1474 355 1579 390 simili

25 411 150 450 'modo
177 419 285 460 atque
311 416 491 446 auctorem
517 409 642 455 hymni
667 410 703 443 in
729 409 897 445 Cererem
923 410 998 444 366
1027 411 1121 445 haud
1154 417 1237 457 apte
1271 424 1373 446 usum
1399 424 1476 447 esse
1501 412 1579 447 loco

14 471 223 523 fhomerico
257 471 289 505 P
315 467 387 503 447
420 470 461 503 οὐ
493 467 556 513 μὲν
588 469 652 513 γάρ
684 466 721 502 τί
753 469 824 502 πού
856 467 952 502 ἐστιν
982 467 1207 514 ὀιζυρώτερον
1239 470 1362 515 ἀνδρὸς
1391 469 1396 515 Ι
1425 472 1579 512 πάντων,

45 529 135 566 δ’σσα
159 541 198 563 τε
222 530 324 573 γαῖαν
347 522 410 561 ἔπι
434 523 549 560 πνείει
573 537 612 560 τε
633 522 694 560 καὶ
710 522 820 570 ἕρπει.
863 536 933 570 qua
951 525 984 558 in
1003 537 1041 559 re
1059 524 1240 572 discrepat
1258 526 1581 572 Argonauticorum

48 586 200 632 scriptor
224 583 270 619 ab
287 583 457 626 Homero,
484 582 544 628 qui
569 593 764 627 numquam
791 581 975 616 enuntiata
999 581 1149 616 relativa
1174 594 1254 617 cum
1278 583 1480 618 nominibus
1503 597 1581 630 par-

11 663 13 665 ·
48 642 158 677 ticula
182 654 221 676 τε
247 640 429 684 coniungit
454 638 515 685 (cf.
534 638 635 672 Ebel.
656 650 682 672 s.
702 650 735 671 v.
755 638 836 673 ὅστε
861 637 880 671 Ι
904 637 934 671 Β
961 650 995 684 p.
1015 638 1088 684 91),
1117 639 1180 672 sed
1204 640 1351 674 adhibet
1367 640 1425 676 καὶ
1444 641 1502 675 vel
1518 640 1582 687 ἠδέ

12 716 16 717 ’
49 698 111 746 (cf.
130 698 217 742 Arg.
236 696 293 741 35,
312 696 393 741 334,
412 695 509 740 391).
561 694 656 740 apud
682 694 911 741 Apollonium
936 694 1079 729 fortuito
1106 708 1214 730 unum
1239 696 1355 731 locum
1380 697 1397 731 I
1423 697 1463 731 21
1494 700 1510 743 (
1512 699 1581 733 πό-

46 769 127 802 ρους
143 755 234 798 ἆλός,
259 754 348 789 ὅσσα
364 751 397 788 τ’
414 750 561 799 ἔρεξαν),
581 751 678 798 apud
696 751 955 787 Callimachum
973 757 1007 786 et
1023 752 1245 788 Nicandrum
1262 753 1367 789 talem
1386 755 1580 800 particulae

47 824 86 848 τε
118 822 223 846 usum
255 822 325 844 non
359 810 491 844 inveni.
542 813 699 843 ceterum
732 807 770 852 ὃς
793 821 831 844 τε
862 809 947 843 satis
977 808 1181 855 frequenter
1214 810 1309 857 apud
1344 822 1403 845 eos
1437 810 1580 857 legitur3

49 868 93 903 cf.
117 867 204 903 Call.
227 867 246 902 I
275 867 332 911 51,
363 866 419 901 III
446 866 501 910 16,
527 866 605 910 133,
632 865 710 911 140,
741 865 816 900 IIII
841 865 922 910 229,
948 866 1000 900 VI
1026 866 1058 911 8,
1086 866 1202 913 Apoll.
1230 866 1248 900 I
1274 867 1353 912 799,
1377 867 1458 912 803,
1480 868 1581 913 1027,

0 913 2 916 ‚
44 925 84 965 ,ΙΙ
112 924 147 971 5,
169 924 227 970 26,
250 923 332 969 498,
364 923 421 958 III
451 922 531 967 868,
556 922 635 968 892,
668 922 743 958 IIII
770 922 849 967 133,
873 922 953 967 628,
973 922 1052 968 829,
1074 924 1176 968 1376,
1203 923 1281 959 Nic.
1300 924 1406 960 Ther.
1426 925 1483 970 68,
1502 925 1582 970 283,

13 1008 16 1011 «
47 982 127 1024 568,
141 981 226 1026 672,
254 981 375 1026 Quint.
394 980 412 1015 I
432 980 510 1026 169,
529 980 610 1027 207,
626 980 706 1015 249.
750 981 785 1015 in
802 981 1066 1026 Argonauticis,
1093 986 1131 1015 ut
1153 981 1189 1016 id
1208 981 1274 1016 hoc
1291 982 1368 1017 loco
1387 982 1583 1027 absolvam,

48 1037 88 1082 ὅς
110 1052 148 1074 τε
174 1040 328 1073 occurrit
354 1038 432 1082 311,
452 1037 523 1072 660
557 1037 634 1084 (ubi
660 1038 735 1071 sine
770 1037 878 1072 dubio
911 1043 994 1072 ante
1026 1038 1145 1072 oculos
1177 1044 1252 1073 erat
1278 1039 1455 1085 Apollonii
1486 1040 1584 1074 locus

49 1096 94 1131 de
119 1096 244 1131 eadem
271 1107 309 1130 re
336 1096 558 1141 conscriptus
582 1094 620 1129 II
641 1094 664 1129 5
689 1093 727 1137 ὅς
751 1096 781 1130 τ’
800 1094 861 1130 ἐπὶ
877 1094 937 1130 καὶ
954 1094 1118 1137 ξείνοισιν
1136 1095 1254 1131 ἀεικέα
1271 1098 1410 1142 θεσμὸν
1427 1094 1583 1144 ἔθηκεν),

48 1152 166 1198 901.1)
191 1154 227 1187 in
259 1165 290 1187 v.
309 1152 377 1187 607
413 1164 478 1198 pro
504 1164 543 1186 eo
570 1152 663 1198 quod
689 1157 743 1186 est
767 1153 803 1186 in
836 1152 936 1186 libris
971 1153 1018 1195 ὥς
1047 1166 1086 1187 κε
1116 1153 1345 1187 scribendum
1377 1166 1453 1187 esse
1483 1153 1522 1196 ὅς
1546 1167 1583 1188 τε

49 1209 282 1244 Schenkelius
307 1221 365 1243 me
392 1208 549 1251 edocuit3
575 1209 803 1243 Hermannus
827 1213 862 1243 et
879 1208 1028 1243 Abelius
1054 1210 1093 1252 ὃς
1117 1212 1161 1256 ῥα
1187 1209 1357 1245 scribunt.
1398 1216 1583 1257 praeterea

49 1265 161 1302 addas
187 1279 245 1302 vv.
265 1266 344 1312 846,
380 1266 424 1301 de
450 1278 518 1313 quo
543 1265 590 1301 ab
616 1265 818 1301 Hermanno
845 1266 1032 1302 emendato
1067 1280 1175 1314 supra
1205 1267 1318 1302 verba
1351 1268 1512 1313 fecimus,
1547 1274 1583 1303 et

49 1323 130 1368 425,
162 1335 267 1369 quem
299 1325 351 1358 sic
382 1323 507 1357 scribit
532 1323 683 1357 Wielius
713 1323 768 1357 III
797 1323 821 1356 4
846 1325 893 1365 ὥς
922 1321 963 1358 θ’
986 1322 1042 1358 ἅτ’
1065 1322 1191 1370 ἔφυσεν
1220 1326 1371 1366 ἅπαντα,
1403 1325 1582 1370 διέκριθεν

49 1379 135 1415 ἄλλο
167 1382 257 1426 πρὸς
289 1380 411 1425 ἄλλους
447 1379 549 1414 codd.
577 1378 711 1414 habent
743 1379 834 1415 ὅσσα
867 1377 899 1414 τ’
925 1378 1051 1428 ἔφυσεν
1076 1381 1217 1416 ἅπαντα
1243 1380 1421 1428 διέκριθεν
1446 1379 1478 1417 δ’
1495 1382 1582 1418 ἄλλο

0 1440 5 1445 ”
50 1437 123 1483 (vel
147 1437 270 1484 ἄλλον)
296 1434 360 1473 ἀπ’
377 1437 532 1483 ἄλλουῼΖ)
582 1449 652 1483 qua
685 1438 888 1472 coniectura
923 1438 1026 1472 simul
1051 1437 1146 1472 aliud
1172 1439 1331 1483 infertur,
1366 1439 1460 1484 quod
1496 1441 1582 1474 satis

49 1505 166 1528 rarum
192 1499 255 1537 est,
288 1494 556 1529 correlationem
581 1495 759 1527 inversam
785 1493 876 1537 dico,
911 1496 1010 1528 cuius
1041 1507 1150 1529 unum
1178 1495 1382 1541 exemplum
1407 1495 1581 1530 habemus

7 1559 10 1563 ·
51 1550 213 1587 codicum
244 1552 453 1586 auctoritate
484 1550 661 1587 firmatum
686 1551 723 1585 in
747 1563 780 1586 V.
801 1550 871 1586 350
901 1550 939 1594 ὃς
965 1550 1004 1587 δέ
1028 1565 1065 1587 κε
1090 1551 1280 1595 συνθεσίας
1305 1553 1489 1601 δηλήσεται
1521 1555 1581 1589 οὐκ

49 1607 214 1653 ἀλεγίζων
240 1610 245 1653 l
272 1608 375 1654 ὅρκον
406 1607 612 1655 ὑπερβασίῃ,
645 1610 769 1643 τούτου
805 1605 838 1643 δ’
862 1609 1092 1655 ἐπιμάρτυροι
1126 1607 1245 1644 ἔστων,
1296 1611 1381 1643 satis
1414 1611 1581 1655 frequens

50 1663 138 1699 haec
169 1666 341 1700 enuntiati
370 1665 509 1700 relativi
539 1664 653 1699 forma
682 1664 778 1711 apud
804 1663 1065 1700 Callimachum
1095 1671 1162 1708 est3
1190 1665 1235 1700 cf.
1259 1666 1295 1700 II
1324 1666 1377 1711 10,
1396 1666 1452 1712 26,
1470 1667 1528 1710 40,
1548 1667 1580 1701 V

0 1737 2 1740 ’
50 1721 106 1765 35,
127 1722 205 1768 131,
232 1723 285 1758 VI
313 1722 390 1758 138.
442 1722 595 1768 denique
627 1722 920 1767 significationem
954 1715 1055 1768 ‘talis⁷
1087 1723 1220 1768 qualis’‚
1257 1736 1348 1769 quae
1383 1725 1479 1769 apud
1510 1724 1580 1758 Ho-

14 1780 16 1783 ’
50 1778 187 1813 merum
215 1780 407 1823 invenitur,
439 1778 589 1825 praebet
612 1791 647 1813 v.
671 1778 739 1812 831
766 1776 835 1824 ἔργ’
857 1777 951 1814 ἄδικ’
968 1780 1177 1825 ἀνθρώπων,
1203 1780 1226 1814 ἃ
1253 1780 1294 1826 δὴ
1319 1779 1445 1822 πολέες
1468 1783 1581 1825 μεμά-

50 1845 131 1869 ασιν
152 1834 157 1882 Ι
178 1835 347 1882 τετλάμεν
379 1836 416 1871 ἐν
447 1838 551 1883 βιοτῇ
582 1834 725 1882 κέρδους
756 1834 855 1871 ἕνεκα
888 1835 1083 1883 σφετέροιο,
1118 1835 1162 1871 ef.
1190 1835 1307 1882 Apoll.
1331 1836 1348 1870 I
1378 1837 1448 1871 479
1479 1837 1579 1873 ἄλλοι

164 1969 186 2005 ¹)
216 1968 319 1998 ’Ένθα
346 1979 377 1998 τε
402 1970 528 1997 traditur
552 1970 617 2003 236,
640 1970 693 1997 749
720 1972 750 1997 et
775 1970 946 1997 coniectura
971 1972 1137 1998 restitutum
1165 1973 1209 1997 est
1233 1974 1372 2006 quattuor
1397 1971 1479 2005 locis,
1509 1981 1583 2007 quos

28 2046 31 2050 ,
49 2024 77 2054 p.
91 2016 147 2044 299
166 2026 194 2045 n.
210 2019 226 2045 2
247 2019 381 2046 tractavi.
408 2013 460 2054 ἧχί
477 2026 507 2045 τε
528 2017 669 2044 habemus
691 2018 754 2044 744.
779 2019 897 2045 omniuo
918 2018 955 2045 de
976 2019 1039 2049 ὅςτε
1060 2019 1096 2046 cf.
1111 2022 1227 2054 praeter
1247 2019 1386 2046 Ottonem
1408 2020 1437 2046 11
1458 2021 1491 2046 21
1508 2029 1581 2055 sqq„

49 2063 86 2090 25
100 2072 141 2100 sq.
163 2065 198 2092 G.
213 2065 373 2093 Christium
392 2066 424 2092 in
438 2065 590 2093 Sitz.-Ber.
605 2065 631 2092 d.
646 2064 744 2100 bayer.
761 2065 864 2099 Akad„
885 2066 1038 2101 phil.-hist.
1053 2066 1107 2100 CL,
1128 2074 1153 2093 a.
1171 2067 1243 2093 1880
1257 2075 1284 2102 p.
1299 2067 1336 2093 50
1350 2075 1412 2102 sqq.
1428 2067 1512 2102 (⁴Der
1525 2068 1581 2094 Ge-

47 2109 160 2154 ·brauch
180 2112 206 2140 d.
222 2114 332 2149 griech.
347 2113 482 2140 Partikel
502 2112 566 2146 τὲ’).
1234 2123 1236 2125 ·

163 2160 186 2195 ²)
208 2160 391 2188 Guttmanno
411 2163 487 2188 teste
507 2160 533 2187 R
553 2160 673 2187 exhibet
694 2159 847 2198 διέκριθεν
868 2162 953 2195 ἄλλος
978 2162 1057 2197 quod
1077 2162 1101 2188 si
1122 2170 1224 2188 verum
1247 2165 1299 2195 est,
1319 2162 1393 2188 illud
1415 2160 1451 2196 δ’,
1478 2163 1535 2195 cui,
1556 2163 1580 2188 si

20 2222 25 2225 -
48 2205 192 2235 bonorum
212 2209 346 2237 codicum
367 2216 513 2236 consensu
533 2207 706 2241 traderetur,
732 2209 846 2244 aliquid
866 2210 1052 2237 tribuendum
1074 2213 1158 2244 esset,
1184 2218 1243 2236 non
1268 2210 1364 2236 obstat
1385 2210 1486 2236 Wielii
1514 2219 1580 2236 con-

28 2277 31 2279 ,
49 2253 189 2283 iacturae.
223 2260 352 2284 ceterum
374 2257 473 2284 neseio
494 2264 532 2283 an
554 2256 673 2291 propius
693 2256 867 2283 accedamus
887 2257 924 2284 ad
946 2257 1078 2284 codicum
1099 2258 1268 2284 memoriam
1288 2257 1455 2283 scribendo:
1477 2258 1516 2287 ὡς
1535 2255 1581 2284 ἅτ’

24 2296 172 2342 ᾖὲφυσεν,
193 2303 236 2330 ita
254 2307 288 2331 ut
307 2303 450 2340 prolepsis
470 2305 617 2330 statuatur
637 2303 718 2330 vocis
738 2300 866 2340 ’Ἔρωτα
