<?xml version="1.0" encoding="UTF-8"?>
<!DOCTYPE html PUBLIC "-//W3C//DTD XHTML 1.0 Transitional//EN"
    "http://www.w3.org/TR/xhtml1/DTD/xhtml1-transitional.dtd">
<html xmlns="http://www.w3.org/1999/xhtml" xml:lang="en" lang="en">
 <head>
  <title>
</title>
<meta http-equiv="Content-Type" content="text/html;charset=utf-8" />
  <meta name='ocr-system' content='tesseract 3.04.00' />
  <meta name='ocr-capabilities' content='ocr_page ocr_carea ocr_par ocr_line ocrx_word'/>
</head>
<body>
  <div class='ocr_page' id='page_1' title='image "4737404_0082.png"; bbox 0 0 1714 2583; ppageno 0'>
   <div class='ocr_carea' id='block_1_1' title="bbox 1450 0 1714 580">
    <p class='ocr_par' dir='ltr' id='par_1_1' title="bbox 1450 0 1714 580">
     <span class='ocr_line' id='line_1_1' title="bbox 1450 0 1714 151; baseline 0 0"><span class='ocrx_word' id='word_1_1' title='bbox 1450 0 1714 151; x_wconf 95' lang='lat' dir='ltr'><em>   </em></span> 
     </span>
     <span class='ocr_line' id='line_1_2' title="bbox 1577 151 1714 425; baseline 0 0"><span class='ocrx_word' id='word_1_2' title='bbox 1577 151 1714 425; x_wconf 95' lang='lat' dir='ltr'><em>    </em></span> 
     </span>
     <span class='ocr_line' id='line_1_3' title="bbox 1686 533 1714 580; baseline 0 2003"><span class='ocrx_word' id='word_1_3' title='bbox 1686 533 1714 580; x_wconf 95' lang='lat' dir='ltr'><em> </em></span> 
     </span>
    </p>
   </div>
   <div class='ocr_carea' id='block_1_2' title="bbox 42 54 1714 2221">
    <p class='ocr_par' dir='ltr' id='par_1_2' title="bbox 42 54 1714 2221">
     <span class='ocr_line' id='line_1_4' title="bbox 96 54 1450 107; baseline 0.001 -11"><span class='ocrx_word' id='word_1_4' title='bbox 96 60 283 97; x_wconf 77' lang='lat' dir='ltr'><strong>Platonem</strong></span> <span class='ocrx_word' id='word_1_5' title='bbox 307 61 454 106; x_wconf 82' lang='lat' dir='ltr'>adtinet,</span> <span class='ocrx_word' id='word_1_6' title='bbox 477 61 587 106; x_wconf 88' lang='lat' dir='ltr'>locus,</span> <span class='ocrx_word' id='word_1_7' title='bbox 614 72 720 107; x_wconf 87' lang='lat' dir='ltr'><em>quem</em></span> <span class='ocrx_word' id='word_1_8' title='bbox 738 61 945 107; x_wconf 83' lang='lat' dir='ltr'><strong>Madvigius</strong></span> <span class='ocrx_word' id='word_1_9' title='bbox 955 61 981 106; x_wconf 87' lang='lat'><em>¹)</em></span> <span class='ocrx_word' id='word_1_10' title='bbox 999 61 1133 96; x_wconf 83' lang='lat' dir='ltr'><strong>adfert:</strong></span> <span class='ocrx_word' id='word_1_11' title='bbox 1158 59 1253 103; x_wconf 80' lang='lat' dir='ltr'><strong>Tim.</strong></span> <span class='ocrx_word' id='word_1_12' title='bbox 1269 60 1314 95; x_wconf 80' lang='lat'><em>67</em></span> <span class='ocrx_word' id='word_1_13' title='bbox 1328 60 1364 96; x_wconf 93' lang='lat' dir='ltr'><em>b.</em></span> <span class='ocrx_word' id='word_1_14' title='bbox 1391 54 1427 97; x_wconf 78' lang='grc' dir='ltr'><em>δι</em></span> <span class='ocrx_word' id='word_1_15' title='bbox 1448 99 1450 101; x_wconf 58' lang='grc'><em>,</em></span> 
     </span>
     <span class='ocr_line' id='line_1_5' title="bbox 96 116 1574 166; baseline 0 -12"><span class='ocrx_word' id='word_1_16' title='bbox 96 120 141 154; x_wconf 85' lang='grc' dir='ltr'><em>τὰ</em></span> <span class='ocrx_word' id='word_1_17' title='bbox 165 117 249 164; x_wconf 80' lang='grc' dir='ltr'><em>περὶ</em></span> <span class='ocrx_word' id='word_1_18' title='bbox 274 120 359 154; x_wconf 84' lang='grc' dir='ltr'><em>αὐτὸ</em></span> <span class='ocrx_word' id='word_1_19' title='bbox 385 116 568 164; x_wconf 78' lang='grc' dir='ltr'><em>ξυμβαίνει</em></span> <span class='ocrx_word' id='word_1_20' title='bbox 602 119 814 166; x_wconf 86' lang='grc' dir='ltr'><em>παθήματα,</em></span> <span class='ocrx_word' id='word_1_21' title='bbox 847 116 998 163; x_wconf 80' lang='grc' dir='ltr'><strong><em>λεκτέον,</em></strong></span> <span class='ocrx_word' id='word_1_22' title='bbox 1032 118 1082 153; x_wconf 85' lang='lat' dir='ltr'>ita</span> <span class='ocrx_word' id='word_1_23' title='bbox 1108 117 1281 164; x_wconf 82' lang='lat' dir='ltr'>explicari</span> <span class='ocrx_word' id='word_1_24' title='bbox 1305 122 1433 164; x_wconf 80' lang='lat' dir='ltr'>potest,</span> <span class='ocrx_word' id='word_1_25' title='bbox 1464 123 1504 154; x_wconf 84' lang='lat' dir='ltr'><em>ut</em></span> <span class='ocrx_word' id='word_1_26' title='bbox 1517 131 1574 157; x_wconf 83' lang='lat' dir='ltr'><em>-en</em></span> 
     </span>
     <span class='ocr_line' id='line_1_6' title="bbox 95 174 1675 225; baseline -0.001 -16"><span class='ocrx_word' id='word_1_27' title='bbox 95 176 181 210; x_wconf 82' lang='lat' dir='ltr'>tiato</span> <span class='ocrx_word' id='word_1_28' title='bbox 214 174 363 210; x_wconf 81' lang='lat' dir='ltr'>relativo</span> <span class='ocrx_word' id='word_1_29' title='bbox 397 175 673 219; x_wconf 82' lang='lat' dir='ltr'><em>substantivum,</em></span> <span class='ocrx_word' id='word_1_30' title='bbox 706 174 753 210; x_wconf 83' lang='lat' dir='ltr'><em>ad</em></span> <span class='ocrx_word' id='word_1_31' title='bbox 780 174 874 221; x_wconf 86' lang='lat' dir='ltr'><em>quod</em></span> <span class='ocrx_word' id='word_1_32' title='bbox 899 174 1128 210; x_wconf 81' lang='lat' dir='ltr'><em>referendum</em></span> <span class='ocrx_word' id='word_1_33' title='bbox 1158 179 1245 217; x_wconf 80' lang='lat' dir='ltr'>erat,</span> <span class='ocrx_word' id='word_1_34' title='bbox 1278 175 1525 221; x_wconf 86' lang='lat' dir='ltr'>interpositum</span> <span class='ocrx_word' id='word_1_35' title='bbox 1557 187 1577 210; x_wconf 86' lang='lat' dir='ltr'>e</span> <span class='ocrx_word' id='word_1_36' title='bbox 1611 221 1620 225; x_wconf 25' lang='grc' dir='ltr'><em>ᾗ</em></span> <span class='ocrx_word' id='word_1_37' title='bbox 1641 203 1675 215; x_wconf 92' lang='grc'><em>,.</em></span> 
     </span>
     <span class='ocr_line' id='line_1_7' title="bbox 97 224 1709 279; baseline 0 -13"><span class='ocrx_word' id='word_1_38' title='bbox 97 244 293 267; x_wconf 82' lang='lat' dir='ltr'><strong>sumamus:</strong></span> <span class='ocrx_word' id='word_1_39' title='bbox 327 230 467 267; x_wconf 84' lang='grc' dir='ltr'><strong><em>λεκτέον</em></strong></span> <span class='ocrx_word' id='word_1_40' title='bbox 500 230 626 276; x_wconf 81' lang='grc' dir='ltr'><strong><em>αἰτίας,</em></strong></span> <span class='ocrx_word' id='word_1_41' title='bbox 662 228 709 267; x_wconf 76' lang='grc' dir='ltr'><em>δι’</em></span> <span class='ocrx_word' id='word_1_42' title='bbox 743 232 784 274; x_wconf 77' lang='grc' dir='ltr'><em>ἃς</em></span> <span class='ocrx_word' id='word_1_43' title='bbox 807 259 814 267; x_wconf 94' lang='grc'><strong>.</strong></span> <span class='ocrx_word' id='word_1_44' title='bbox 840 260 847 267; x_wconf 92' lang='grc'><strong>.</strong></span> <span class='ocrx_word' id='word_1_45' title='bbox 871 259 879 267; x_wconf 90' lang='grc'><strong>.</strong></span> <span class='ocrx_word' id='word_1_46' title='bbox 930 244 1015 267; x_wconf 92' lang='lat' dir='ltr'><em>num</em></span> <span class='ocrx_word' id='word_1_47' title='bbox 1048 236 1168 267; x_wconf 84' lang='lat' dir='ltr'><em>autem</em></span> <span class='ocrx_word' id='word_1_48' title='bbox 1200 231 1278 266; x_wconf 84' lang='lat' dir='ltr'><em>iure</em></span> <span class='ocrx_word' id='word_1_49' title='bbox 1313 230 1568 268; x_wconf 78' lang='lat' dir='ltr'><em>Stallbaumius</em></span> <span class='ocrx_word' id='word_1_50' title='bbox 1601 224 1709 279; x_wconf 54' lang='lat' dir='ltr'><em>ettfjf</em></span> 
     </span>
     <span class='ocr_line' id='line_1_8' title="bbox 95 283 1705 338; baseline 0.002 -15"><span class='ocrx_word' id='word_1_51' title='bbox 95 289 270 324; x_wconf 87' lang='lat' dir='ltr'>Kuehner</span> <span class='ocrx_word' id='word_1_52' title='bbox 294 289 457 324; x_wconf 88' lang='lat' dir='ltr'>Menonis</span> <span class='ocrx_word' id='word_1_53' title='bbox 483 288 616 323; x_wconf 87' lang='lat' dir='ltr'><em>locum:</em></span> <span class='ocrx_word' id='word_1_54' title='bbox 652 288 730 323; x_wconf 79' lang='lat'><em>800</em></span> <span class='ocrx_word' id='word_1_55' title='bbox 757 287 839 335; x_wconf 86' lang='grc' dir='ltr'><em>περὶ</em></span> <span class='ocrx_word' id='word_1_56' title='bbox 864 290 988 336; x_wconf 81' lang='grc' dir='ltr'><em>ἀρετῆς</em></span> <span class='ocrx_word' id='word_1_57' title='bbox 1012 287 1035 324; x_wconf 75' lang='grc' dir='ltr'><em>δ’</em></span> <span class='ocrx_word' id='word_1_58' title='bbox 1057 289 1153 324; x_wconf 83' lang='grc' dir='ltr'><em>ἐστιν</em></span> <span class='ocrx_word' id='word_1_59' title='bbox 1187 288 1254 334; x_wconf 79' lang='grc' dir='ltr'><em>ἐγὼ</em></span> <span class='ocrx_word' id='word_1_60' title='bbox 1283 289 1347 334; x_wconf 75' lang='grc' dir='ltr'><em>μὲν</em></span> <span class='ocrx_word' id='word_1_61' title='bbox 1376 289 1439 324; x_wconf 82' lang='grc' dir='ltr'><em>οὐκ</em></span> <span class='ocrx_word' id='word_1_62' title='bbox 1464 283 1547 325; x_wconf 81' lang='grc' dir='ltr'><em>οἶδα</em></span> <span class='ocrx_word' id='word_1_63' title='bbox 1577 283 1705 338; x_wconf 49' lang='lat' dir='ltr'><em>ex-j&#39;g}</em></span> 
     </span>
     <span class='ocr_line' id='line_1_9' title="bbox 96 344 1672 392; baseline 0.001 -13"><span class='ocrx_word' id='word_1_64' title='bbox 96 346 232 392; x_wconf 80' lang='lat' dir='ltr'>plicent</span> <span class='ocrx_word' id='word_1_65' title='bbox 261 346 321 390; x_wconf 84' lang='lat' dir='ltr'>ita,</span> <span class='ocrx_word' id='word_1_66' title='bbox 353 351 392 380; x_wconf 86' lang='lat' dir='ltr'><em>ut</em></span> <span class='ocrx_word' id='word_1_67' title='bbox 421 350 527 380; x_wconf 83' lang='grc' dir='ltr'><em>τοῦτο</em></span> <span class='ocrx_word' id='word_1_68' title='bbox 558 350 640 380; x_wconf 86' lang='lat' dir='ltr'>ante</span> <span class='ocrx_word' id='word_1_69' title='bbox 670 344 692 380; x_wconf 80' lang='grc' dir='ltr'>ὅ</span> <span class='ocrx_word' id='word_1_70' title='bbox 722 346 818 380; x_wconf 80' lang='grc' dir='ltr'><em>ἐστιν</em></span> <span class='ocrx_word' id='word_1_71' title='bbox 848 344 1067 390; x_wconf 82' lang='lat' dir='ltr'>intellegant,</span> <span class='ocrx_word' id='word_1_72' title='bbox 1099 344 1263 379; x_wconf 83' lang='lat' dir='ltr'>dubitare</span> <span class='ocrx_word' id='word_1_73' title='bbox 1289 344 1373 379; x_wconf 87' lang='lat' dir='ltr'>licet</span> <span class='ocrx_word' id='word_1_74' title='bbox 1399 345 1476 381; x_wconf 91' lang='lat' dir='ltr'>coll.</span> <span class='ocrx_word' id='word_1_75' title='bbox 1495 345 1584 392; x_wconf 81' lang='lat' dir='ltr'><em>Rep.</em></span> <span class='ocrx_word' id='word_1_76' title='bbox 1602 345 1637 380; x_wconf 89' lang='lat' dir='ltr'>V</span> <span class='ocrx_word' id='word_1_77' title='bbox 1657 345 1712 390; x_wconf 45' lang='lat' dir='ltr'><em>{gs</em></span> 
     </span>
     <span class='ocr_line' id='line_1_10' title="bbox 96 355 1714 462; baseline 0.002 -25"><span class='ocrx_word' id='word_1_78' title='bbox 96 402 167 437; x_wconf 82' lang='lat'><em>504</em></span> <span class='ocrx_word' id='word_1_79' title='bbox 180 415 202 438; x_wconf 88' lang='lat' dir='ltr'>a</span> <span class='ocrx_word' id='word_1_80' title='bbox 234 401 511 448; x_wconf 79' lang='grc' dir='ltr'><em>συνεβιβάζομεν</em></span> <span class='ocrx_word' id='word_1_81' title='bbox 547 402 770 449; x_wconf 83' lang='grc' dir='ltr'><em>δικαιοσύνης</em></span> <span class='ocrx_word' id='word_1_82' title='bbox 802 415 840 437; x_wconf 94' lang='grc' dir='ltr'><em>τε</em></span> <span class='ocrx_word' id='word_1_83' title='bbox 874 400 957 448; x_wconf 82' lang='grc' dir='ltr'><em>πέρι</em></span> <span class='ocrx_word' id='word_1_84' title='bbox 987 401 1046 437; x_wconf 78' lang='grc' dir='ltr'><em>καὶ</em></span> <span class='ocrx_word' id='word_1_85' title='bbox 1077 403 1303 449; x_wconf 85' lang='grc' dir='ltr'><em>σωφροσύνης</em></span> <span class='ocrx_word' id='word_1_86' title='bbox 1332 400 1390 437; x_wconf 81' lang='grc' dir='ltr'><em>καὶ</em></span> <span class='ocrx_word' id='word_1_87' title='bbox 1415 400 1584 449; x_wconf 81' lang='grc' dir='ltr'><em>ἀνδρείας,</em></span> <span class='ocrx_word' id='word_1_88' title='bbox 1617 355 1714 462; x_wconf 68' lang='grc' dir='ltr'><em>ὃΞ</em></span> 
     </span>
     <span class='ocr_line' id='line_1_11' title="bbox 96 452 1714 506; baseline 0 -11"><span class='ocrx_word' id='word_1_89' title='bbox 96 458 244 495; x_wconf 76' lang='grc' dir='ltr'><em>ἕκαστον</em></span> <span class='ocrx_word' id='word_1_90' title='bbox 280 459 344 506; x_wconf 75' lang='grc' dir='ltr'><em>εἴη.</em></span> <span class='ocrx_word' id='word_1_91' title='bbox 395 461 464 494; x_wconf 89' lang='lat' dir='ltr'><em>iam</em></span> <span class='ocrx_word' id='word_1_92' title='bbox 500 461 543 494; x_wconf 88' lang='lat' dir='ltr'><em>iis</em></span> <span class='ocrx_word' id='word_1_93' title='bbox 578 471 669 505; x_wconf 85' lang='lat' dir='ltr'><em>quae</em></span> <span class='ocrx_word' id='word_1_94' title='bbox 703 459 807 494; x_wconf 90' lang='lat' dir='ltr'><em>modo</em></span> <span class='ocrx_word' id='word_1_95' title='bbox 842 459 1102 505; x_wconf 80' lang='lat' dir='ltr'><strong>disputavimus</strong></span> <span class='ocrx_word' id='word_1_96' title='bbox 1136 458 1311 493; x_wconf 83' lang='lat' dir='ltr'><strong>dubitatio</strong></span> <span class='ocrx_word' id='word_1_97' title='bbox 1351 459 1459 493; x_wconf 85' lang='lat' dir='ltr'><strong>eximi</strong></span> <span class='ocrx_word' id='word_1_98' title='bbox 1496 452 1640 495; x_wconf 57' lang='lat' dir='ltr'><em>videtui</em></span> <span class='ocrx_word' id='word_1_99' title='bbox 1673 454 1714 501; x_wconf 60' lang='grc' dir='ltr'>Ξ</span> 
     </span>
     <span class='ocr_line' id='line_1_12' title="bbox 97 511 1639 565; baseline 0.001 -15"><span class='ocrx_word' id='word_1_100' title='bbox 97 516 142 551; x_wconf 73' lang='lat' dir='ltr'><em>de</em></span> <span class='ocrx_word' id='word_1_101' title='bbox 167 515 449 551; x_wconf 72' lang='lat' dir='ltr'><strong>Phaedr.271b</strong></span> <span class='ocrx_word' id='word_1_102' title='bbox 485 516 675 561; x_wconf 64' lang='grc' dir='ltr'><em>διδάσκων,</em></span> <span class='ocrx_word' id='word_1_103' title='bbox 710 515 769 552; x_wconf 71' lang='grc' dir='ltr'><em>οἵα</em></span> <span class='ocrx_word' id='word_1_104' title='bbox 794 513 883 552; x_wconf 72' lang='grc' dir='ltr'><em>οὖσα</em></span> <span class='ocrx_word' id='word_1_105' title='bbox 907 512 968 565; x_wconf 69' lang='grc' dir='ltr'><em>ὑφ’</em></span> <span class='ocrx_word' id='word_1_106' title='bbox 987 516 1072 552; x_wconf 67' lang='grc' dir='ltr'><em>οἵων</em></span> <span class='ocrx_word' id='word_1_107' title='bbox 1095 516 1207 562; x_wconf 67' lang='grc' dir='ltr'><em>λόγων</em></span> <span class='ocrx_word' id='word_1_108' title='bbox 1240 511 1287 551; x_wconf 69' lang='grc' dir='ltr'><em>δι’</em></span> <span class='ocrx_word' id='word_1_109' title='bbox 1311 515 1353 563; x_wconf 68' lang='grc' dir='ltr'><em>ἣν</em></span> <span class='ocrx_word' id='word_1_110' title='bbox 1385 513 1546 564; x_wconf 69' lang='grc' dir='ltr'><em>αιτιανὴ</em></span> <span class='ocrx_word' id='word_1_111' title='bbox 1575 516 1639 562; x_wconf 63' lang='grc' dir='ltr'><em>μὲν</em></span> 
     </span>
     <span class='ocr_line' id='line_1_13' title="bbox 96 562 1714 626; baseline 0 -17"><span class='ocrx_word' id='word_1_112' title='bbox 96 573 277 617; x_wconf 73' lang='grc' dir='ltr'><em>πείθεται,</em></span> <span class='ocrx_word' id='word_1_113' title='bbox 311 576 332 621; x_wconf 84' lang='grc' dir='ltr'>ἡ</span> <span class='ocrx_word' id='word_1_114' title='bbox 367 574 404 609; x_wconf 85' lang='grc' dir='ltr'><em>δὲ</em></span> <span class='ocrx_word' id='word_1_115' title='bbox 438 576 597 609; x_wconf 86' lang='grc' dir='ltr'><em>ἀπειθεῖ.</em></span> <span class='ocrx_word' id='word_1_116' title='bbox 641 574 686 608; x_wconf 81' lang='lat' dir='ltr'><em>cf.</em></span> <span class='ocrx_word' id='word_1_117' title='bbox 710 573 805 608; x_wconf 88' lang='lat' dir='ltr'>Men.</span> <span class='ocrx_word' id='word_1_118' title='bbox 830 573 876 608; x_wconf 82' lang='lat'><em>92</em></span> <span class='ocrx_word' id='word_1_119' title='bbox 895 586 925 615; x_wconf 88' lang='lat' dir='ltr'><em>c,</em></span> <span class='ocrx_word' id='word_1_120' title='bbox 959 574 1021 608; x_wconf 94' lang='lat' dir='ltr'><em>ubi</em></span> <span class='ocrx_word' id='word_1_121' title='bbox 1055 573 1167 608; x_wconf 84' lang='lat' dir='ltr'>verba</span> <span class='ocrx_word' id='word_1_122' title='bbox 1199 575 1344 615; x_wconf 84' lang='grc' dir='ltr'><em>τούτους</em></span> <span class='ocrx_word' id='word_1_123' title='bbox 1375 577 1456 618; x_wconf 85' lang='grc' dir='ltr'><em>γοῦν</em></span> <span class='ocrx_word' id='word_1_124' title='bbox 1488 567 1570 608; x_wconf 82' lang='grc' dir='ltr'><em>οἶδα</em></span> <span class='ocrx_word' id='word_1_125' title='bbox 1602 573 1640 609; x_wconf 78' lang='grc' dir='ltr'><em>οἳ</em></span> <span class='ocrx_word' id='word_1_126' title='bbox 1672 562 1714 626; x_wconf 59' lang='lat' dir='ltr'><em>e}</em></span> 
     </span>
     <span class='ocr_line' id='line_1_14' title="bbox 95 618 1714 680; baseline 0 -15"><span class='ocrx_word' id='word_1_127' title='bbox 95 631 184 665; x_wconf 84' lang='grc' dir='ltr'><em>εἰσιν</em></span> <span class='ocrx_word' id='word_1_128' title='bbox 214 630 320 677; x_wconf 83' lang='lat' dir='ltr'>paulo</span> <span class='ocrx_word' id='word_1_129' title='bbox 347 630 440 665; x_wconf 87' lang='lat' dir='ltr'>infra</span> <span class='ocrx_word' id='word_1_130' title='bbox 466 635 663 676; x_wconf 82' lang='lat' dir='ltr'><strong>sequuntur</strong></span> <span class='ocrx_word' id='word_1_131' title='bbox 688 630 794 665; x_wconf 85' lang='lat' dir='ltr'>haec:</span> <span class='ocrx_word' id='word_1_132' title='bbox 828 631 972 673; x_wconf 84' lang='grc' dir='ltr'><em>τούτους</em></span> <span class='ocrx_word' id='word_1_133' title='bbox 1003 629 1190 678; x_wconf 79' lang='grc' dir='ltr'><em>ἐζητοῦμεν</em></span> <span class='ocrx_word' id='word_1_134' title='bbox 1219 627 1310 672; x_wconf 88' lang='grc' dir='ltr'><em>τίνες</em></span> <span class='ocrx_word' id='word_1_135' title='bbox 1337 627 1418 673; x_wconf 84' lang='grc' dir='ltr'><em>εἰσί,</em></span> <span class='ocrx_word' id='word_1_136' title='bbox 1452 633 1643 680; x_wconf 57' lang='lat' dir='ltr'>praetereas</span> <span class='ocrx_word' id='word_1_137' title='bbox 1670 618 1714 665; x_wconf 51' lang='lat'><em>³¹⁴.</em></span> 
     </span>
     <span class='ocr_line' id='line_1_15' title="bbox 96 684 1640 734; baseline -0.001 -12"><span class='ocrx_word' id='word_1_138' title='bbox 96 687 297 734; x_wconf 86' lang='lat' dir='ltr'>Euthyphr.</span> <span class='ocrx_word' id='word_1_139' title='bbox 319 687 363 722; x_wconf 91' lang='lat'><em>10</em></span> <span class='ocrx_word' id='word_1_140' title='bbox 377 700 398 722; x_wconf 87' lang='lat' dir='ltr'>a</span> <span class='ocrx_word' id='word_1_141' title='bbox 431 687 491 723; x_wconf 80' lang='grc' dir='ltr'><em>καὶ</em></span> <span class='ocrx_word' id='word_1_142' title='bbox 523 690 640 723; x_wconf 86' lang='grc' dir='ltr'><em>πάντα</em></span> <span class='ocrx_word' id='word_1_143' title='bbox 674 690 718 723; x_wconf 83' lang='grc' dir='ltr'><em>τὰ</em></span> <span class='ocrx_word' id='word_1_144' title='bbox 752 692 898 723; x_wconf 86' lang='grc' dir='ltr'><em>τοιαῦτα</em></span> <span class='ocrx_word' id='word_1_145' title='bbox 923 689 1126 733; x_wconf 77' lang='grc' dir='ltr'><em>μανθάνεις,</em></span> <span class='ocrx_word' id='word_1_146' title='bbox 1161 687 1217 722; x_wconf 83' lang='grc' dir='ltr'><em>ὅτι</em></span> <span class='ocrx_word' id='word_1_147' title='bbox 1250 684 1351 733; x_wconf 74' lang='grc' dir='ltr'><em>ἕτερα</em></span> <span class='ocrx_word' id='word_1_148' title='bbox 1380 685 1537 734; x_wconf 87' lang='grc' dir='ltr'><em>ἀλλήλων</em></span> <span class='ocrx_word' id='word_1_149' title='bbox 1560 685 1640 722; x_wconf 81' lang='grc' dir='ltr'><em>ἐστὶ·</em></span> 
     </span>
     <span class='ocr_line' id='line_1_16' title="bbox 96 739 1636 792; baseline -0.001 -12"><span class='ocrx_word' id='word_1_150' title='bbox 96 744 156 780; x_wconf 84' lang='grc' dir='ltr'><em>καὶ</em></span> <span class='ocrx_word' id='word_1_151' title='bbox 181 742 204 792; x_wconf 85' lang='grc' dir='ltr'><em>ᾗ</em></span> <span class='ocrx_word' id='word_1_152' title='bbox 228 743 340 789; x_wconf 75' lang='grc' dir='ltr'><em>ἕτερα,</em></span> <span class='ocrx_word' id='word_1_153' title='bbox 375 744 556 790; x_wconf 83' lang='lat' dir='ltr'><em>Rep.V11</em></span> <span class='ocrx_word' id='word_1_154' title='bbox 580 744 652 779; x_wconf 79' lang='lat'><em>522</em></span> <span class='ocrx_word' id='word_1_155' title='bbox 666 744 689 778; x_wconf 89' lang='lat' dir='ltr'><strong>d</strong></span> <span class='ocrx_word' id='word_1_156' title='bbox 724 742 799 780; x_wconf 79' lang='grc' dir='ltr'><em>οὐδ’</em></span> <span class='ocrx_word' id='word_1_157' title='bbox 826 745 930 787; x_wconf 79' lang='grc' dir='ltr'><em>ὅσους</em></span> <span class='ocrx_word' id='word_1_158' title='bbox 962 744 1078 786; x_wconf 81' lang='grc' dir='ltr'><em>πόδας</em></span> <span class='ocrx_word' id='word_1_159' title='bbox 1109 739 1201 787; x_wconf 81' lang='grc' dir='ltr'><em>εἶχεν</em></span> <span class='ocrx_word' id='word_1_160' title='bbox 1233 743 1381 786; x_wconf 82' lang='grc' dir='ltr'><em>εἰδότος,</em></span> <span class='ocrx_word' id='word_1_161' title='bbox 1413 741 1505 777; x_wconf 94' lang='lat' dir='ltr'><strong>VIII</strong></span> <span class='ocrx_word' id='word_1_162' title='bbox 1529 741 1636 788; x_wconf 82' lang='lat' dir='ltr'>569b</span> 
     </span>
     <span class='ocr_line' id='line_1_17' title="bbox 95 795 1714 851; baseline 0 -14"><span class='ocrx_word' id='word_1_163' title='bbox 95 805 275 848; x_wconf 89' lang='grc' dir='ltr'><em>γνώσεται,</em></span> <span class='ocrx_word' id='word_1_164' title='bbox 307 795 382 845; x_wconf 80' lang='grc' dir='ltr'><em>οἶος</em></span> <span class='ocrx_word' id='word_1_165' title='bbox 411 796 486 837; x_wconf 81' lang='grc' dir='ltr'><em>οἷον</em></span> <span class='ocrx_word' id='word_1_166' title='bbox 516 801 662 848; x_wconf 79' lang='grc' dir='ltr'><em>θρέμμα</em></span> <span class='ocrx_word' id='word_1_167' title='bbox 692 806 817 848; x_wconf 85' lang='grc' dir='ltr'><em>γεννῶν</em></span> <span class='ocrx_word' id='word_1_168' title='bbox 846 800 1037 850; x_wconf 81' lang='grc' dir='ltr'><em>ἠσπάζετο,</em></span> <span class='ocrx_word' id='word_1_169' title='bbox 1069 801 1212 835; x_wconf 83' lang='lat' dir='ltr'>Menex.</span> <span class='ocrx_word' id='word_1_170' title='bbox 1236 799 1307 834; x_wconf 83' lang='lat'><em>244</em></span> <span class='ocrx_word' id='word_1_171' title='bbox 1319 799 1354 846; x_wconf 89' lang='lat' dir='ltr'><em>b,</em></span> <span class='ocrx_word' id='word_1_172' title='bbox 1386 798 1498 834; x_wconf 84' lang='lat' dir='ltr'>ConV.</span> <span class='ocrx_word' id='word_1_173' title='bbox 1523 799 1591 835; x_wconf 84' lang='lat'><em>195</em></span> <span class='ocrx_word' id='word_1_174' title='bbox 1605 813 1638 845; x_wconf 80' lang='lat' dir='ltr'><em>a,</em></span> <span class='ocrx_word' id='word_1_175' title='bbox 1690 798 1714 851; x_wconf 50' lang='lat' dir='ltr'><em>effi</em></span> 
     </span>
     <span class='ocr_line' id='line_1_18' title="bbox 96 855 1711 905; baseline 0 -12"><span class='ocrx_word' id='word_1_176' title='bbox 96 859 250 894; x_wconf 82' lang='lat' dir='ltr'>Phaedr.</span> <span class='ocrx_word' id='word_1_177' title='bbox 271 858 340 893; x_wconf 84' lang='lat'><em>238</em></span> <span class='ocrx_word' id='word_1_178' title='bbox 355 859 390 905; x_wconf 87' lang='lat' dir='ltr'><em>b,</em></span> <span class='ocrx_word' id='word_1_179' title='bbox 410 859 477 893; x_wconf 82' lang='grc'><em>271</em></span> <span class='ocrx_word' id='word_1_180' title='bbox 495 872 524 893; x_wconf 90' lang='lat' dir='ltr'><em>c.</em></span> <span class='ocrx_word' id='word_1_181' title='bbox 569 871 615 894; x_wconf 86' lang='lat' dir='ltr'><em>ex</em></span> <span class='ocrx_word' id='word_1_182' title='bbox 633 858 832 894; x_wconf 86' lang='lat' dir='ltr'>oratoribus</span> <span class='ocrx_word' id='word_1_183' title='bbox 855 858 945 893; x_wconf 82' lang='lat' dir='ltr'>haec</span> <span class='ocrx_word' id='word_1_184' title='bbox 963 858 1094 893; x_wconf 86' lang='lat' dir='ltr'>habeo:</span> <span class='ocrx_word' id='word_1_185' title='bbox 1121 858 1227 893; x_wconf 86' lang='lat' dir='ltr'><em>Dem.</em></span> <span class='ocrx_word' id='word_1_186' title='bbox 1247 857 1302 892; x_wconf 94' lang='lat' dir='ltr'><em>III</em></span> <span class='ocrx_word' id='word_1_187' title='bbox 1320 856 1342 892; x_wconf 91' lang='grc'>2</span> <span class='ocrx_word' id='word_1_188' title='bbox 1366 856 1450 904; x_wconf 83' lang='grc' dir='ltr'><em>περὶ</em></span> <span class='ocrx_word' id='word_1_189' title='bbox 1473 861 1537 892; x_wconf 82' lang='grc' dir='ltr'><em>τοῦ</em></span> <span class='ocrx_word' id='word_1_190' title='bbox 1560 855 1638 894; x_wconf 84' lang='grc' dir='ltr'><em>τίνα</em></span> <span class='ocrx_word' id='word_1_191' title='bbox 1685 873 1686 876; x_wconf 62' lang='grc'><strong>’</strong></span> <span class='ocrx_word' id='word_1_192' title='bbox 1707 888 1711 903; x_wconf 45' lang='lat'>3</span> 
     </span>
     <span class='ocr_line' id='line_1_19' title="bbox 94 906 1714 962; baseline -0.001 -12"><span class='ocrx_word' id='word_1_193' title='bbox 94 915 332 962; x_wconf 87' lang='grc' dir='ltr'><em>τιμωρήσεταί</em></span> <span class='ocrx_word' id='word_1_194' title='bbox 356 929 411 957; x_wconf 89' lang='grc' dir='ltr'><em>τις</em></span> <span class='ocrx_word' id='word_1_195' title='bbox 435 915 495 950; x_wconf 82' lang='grc' dir='ltr'><em>καὶ</em></span> <span class='ocrx_word' id='word_1_196' title='bbox 520 915 560 950; x_wconf 83' lang='grc' dir='ltr'><em>ὃν</em></span> <span class='ocrx_word' id='word_1_197' title='bbox 584 916 719 961; x_wconf 87' lang='grc' dir='ltr'><em>τρόπον</em></span> <span class='ocrx_word' id='word_1_198' title='bbox 743 915 882 956; x_wconf 81' lang='grc' dir='ltr'><em>ἐξέσται</em></span> <span class='ocrx_word' id='word_1_199' title='bbox 907 918 1064 958; x_wconf 86' lang='grc' dir='ltr'><em>σκοπεῖν,</em></span> <span class='ocrx_word' id='word_1_200' title='bbox 1092 914 1165 948; x_wconf 94' lang='lat' dir='ltr'><strong>IIII</strong></span> <span class='ocrx_word' id='word_1_201' title='bbox 1183 914 1228 948; x_wconf 87' lang='lat'><em>33</em></span> <span class='ocrx_word' id='word_1_202' title='bbox 1254 915 1277 948; x_wconf 79' lang='grc' dir='ltr'>ἃ</span> <span class='ocrx_word' id='word_1_203' title='bbox 1301 915 1365 959; x_wconf 79' lang='grc' dir='ltr'><em>μὲν</em></span> <span class='ocrx_word' id='word_1_204' title='bbox 1388 912 1449 948; x_wconf 81' lang='grc' dir='ltr'><em>οὖν</em></span> <span class='ocrx_word' id='word_1_205' title='bbox 1472 916 1639 960; x_wconf 83' lang='grc' dir='ltr'><em>χρήσεται</em></span> <span class='ocrx_word' id='word_1_206' title='bbox 1687 906 1714 944; x_wconf 55' lang='lat' dir='ltr'><em>&#39;J</em></span> 
     </span>
     <span class='ocr_line' id='line_1_20' title="bbox 95 964 1714 1020; baseline -0.001 -14"><span class='ocrx_word' id='word_1_207' title='bbox 95 971 154 1007; x_wconf 85' lang='grc' dir='ltr'><em>καὶ</em></span> <span class='ocrx_word' id='word_1_208' title='bbox 178 973 268 1007; x_wconf 88' lang='grc' dir='ltr'><em>πότε</em></span> <span class='ocrx_word' id='word_1_209' title='bbox 293 977 336 1020; x_wconf 81' lang='grc' dir='ltr'><em>τῇ</em></span> <span class='ocrx_word' id='word_1_210' title='bbox 364 972 505 1017; x_wconf 82' lang='grc' dir='ltr'><em>δυνάμει</em></span> <span class='ocrx_word' id='word_1_211' title='bbox 526 1000 533 1006; x_wconf 96' lang='grc'><em>.</em></span> <span class='ocrx_word' id='word_1_212' title='bbox 554 999 561 1006; x_wconf 95' lang='grc'><strong>.</strong></span> <span class='ocrx_word' id='word_1_213' title='bbox 582 999 589 1006; x_wconf 97' lang='grc'><em>.</em></span> <span class='ocrx_word' id='word_1_214' title='bbox 608 972 847 1016; x_wconf 76' lang='grc' dir='ltr'><em>βουλεύσεται,</em></span> <span class='ocrx_word' id='word_1_215' title='bbox 879 971 1009 1005; x_wconf 92' lang='lat' dir='ltr'><strong>XVIII</strong></span> <span class='ocrx_word' id='word_1_216' title='bbox 1034 970 1079 1005; x_wconf 84' lang='lat'><em>98</em></span> <span class='ocrx_word' id='word_1_217' title='bbox 1105 971 1193 1017; x_wconf 77' lang='grc' dir='ltr'><em>ὑπὲρ</em></span> <span class='ocrx_word' id='word_1_218' title='bbox 1220 965 1278 1006; x_wconf 82' lang='grc' dir='ltr'><em>οἷα</em></span> <span class='ocrx_word' id='word_1_219' title='bbox 1303 970 1552 1017; x_wconf 84' lang='grc' dir='ltr'><em>πεποιηκότων</em></span> <span class='ocrx_word' id='word_1_220' title='bbox 1576 972 1637 1005; x_wconf 90' lang='grc' dir='ltr'><em>ἀν-</em></span> <span class='ocrx_word' id='word_1_221' title='bbox 1698 964 1714 1005; x_wconf 51' lang='grc' dir='ltr'><em>’,Ῐ</em></span> 
     </span>
     <span class='ocr_line' id='line_1_21' title="bbox 95 1027 1637 1075; baseline 0 -11"><span class='ocrx_word' id='word_1_222' title='bbox 95 1031 254 1075; x_wconf 81' lang='grc' dir='ltr'><em>θρώπων</em></span> <span class='ocrx_word' id='word_1_223' title='bbox 278 1030 524 1072; x_wconf 84' lang='grc' dir='ltr'><em>κινδυνεύσετε,</em></span> <span class='ocrx_word' id='word_1_224' title='bbox 550 1029 785 1074; x_wconf 79' lang='grc' dir='ltr'><em>λογισάμενοι,</em></span> <span class='ocrx_word' id='word_1_225' title='bbox 819 1028 967 1063; x_wconf 90' lang='lat' dir='ltr'><strong>XVIIII</strong></span> <span class='ocrx_word' id='word_1_226' title='bbox 991 1028 1039 1062; x_wconf 87' lang='lat'><em>44</em></span> <span class='ocrx_word' id='word_1_227' title='bbox 1068 1027 1126 1064; x_wconf 85' lang='grc' dir='ltr'><em>καὶ</em></span> <span class='ocrx_word' id='word_1_228' title='bbox 1151 1030 1305 1074; x_wconf 81' lang='grc' dir='ltr'><em>ἀκριβῶς</em></span> <span class='ocrx_word' id='word_1_229' title='bbox 1329 1027 1443 1072; x_wconf 82' lang='grc' dir='ltr'><em>εἰδὼς,</em></span> <span class='ocrx_word' id='word_1_230' title='bbox 1469 1027 1524 1063; x_wconf 77' lang='grc' dir='ltr'><em>ὅτι</em></span> <span class='ocrx_word' id='word_1_231' title='bbox 1548 1030 1637 1074; x_wconf 58' lang='grc' dir='ltr'><em>ψεύτ</em></span> 
     </span>
     <span class='ocr_line' id='line_1_22' title="bbox 95 1083 1636 1133; baseline 0 -12"><span class='ocrx_word' id='word_1_232' title='bbox 95 1087 195 1121; x_wconf 87' lang='grc' dir='ltr'><em>δεται</em></span> <span class='ocrx_word' id='word_1_233' title='bbox 217 1108 259 1111; x_wconf 80' lang='lat'><em>——</em></span> <span class='ocrx_word' id='word_1_234' title='bbox 279 1085 339 1121; x_wconf 81' lang='grc' dir='ltr'><em>καὶ</em></span> <span class='ocrx_word' id='word_1_235' title='bbox 364 1086 451 1121; x_wconf 81' lang='grc' dir='ltr'><em>ὅθεν</em></span> <span class='ocrx_word' id='word_1_236' title='bbox 476 1087 602 1132; x_wconf 84' lang='grc' dir='ltr'><em>φράσω</em></span> <span class='ocrx_word' id='word_1_237' title='bbox 628 1087 718 1132; x_wconf 85' lang='grc' dir='ltr'><em>πρὸς</em></span> <span class='ocrx_word' id='word_1_238' title='bbox 742 1087 840 1131; x_wconf 83' lang='grc' dir='ltr'><em>ὑμᾶς,</em></span> <span class='ocrx_word' id='word_1_239' title='bbox 868 1086 911 1119; x_wconf 91' lang='grc'><em>61</em></span> <span class='ocrx_word' id='word_1_240' title='bbox 938 1083 984 1120; x_wconf 74' lang='grc' dir='ltr'><em>ἵν’</em></span> <span class='ocrx_word' id='word_1_241' title='bbox 1001 1085 1128 1133; x_wconf 79' lang='grc' dir='ltr'><em>εἰδῆτε,</em></span> <span class='ocrx_word' id='word_1_242' title='bbox 1156 1085 1240 1120; x_wconf 80' lang='grc' dir='ltr'><em>οἵων</em></span> <span class='ocrx_word' id='word_1_243' title='bbox 1264 1085 1493 1131; x_wconf 81' lang='grc' dir='ltr'><em>ὑπαρχόντων</em></span> <span class='ocrx_word' id='word_1_244' title='bbox 1517 1087 1636 1128; x_wconf 69' lang='grc' dir='ltr'><em>αὐτοῖς</em></span> 
     </span>
     <span class='ocr_line' id='line_1_23' title="bbox 94 1141 1634 1190; baseline -0.001 -12"><span class='ocrx_word' id='word_1_245' title='bbox 94 1141 181 1190; x_wconf 78' lang='grc' dir='ltr'><em>παρ’</em></span> <span class='ocrx_word' id='word_1_246' title='bbox 204 1145 301 1190; x_wconf 84' lang='grc' dir='ltr'><em>ὑμῶν</em></span> <span class='ocrx_word' id='word_1_247' title='bbox 333 1143 418 1178; x_wconf 78' lang='grc' dir='ltr'><em>οἵων</em></span> <span class='ocrx_word' id='word_1_248' title='bbox 451 1141 588 1187; x_wconf 74' lang='grc' dir='ltr'><em>ἔτυχονς</em></span> <span class='ocrx_word' id='word_1_249' title='bbox 624 1143 668 1177; x_wconf 89' lang='lat' dir='ltr'><em>cf.</em></span> <span class='ocrx_word' id='word_1_250' title='bbox 688 1142 761 1177; x_wconf 93' lang='lat' dir='ltr'><strong>IIII</strong></span> <span class='ocrx_word' id='word_1_251' title='bbox 787 1143 824 1187; x_wconf 79' lang='lat'><em>33</em></span> <span class='ocrx_word' id='word_1_252' title='bbox 852 1143 885 1187; x_wconf 80' lang='grc'><em>9,</em></span> <span class='ocrx_word' id='word_1_253' title='bbox 912 1142 1062 1177; x_wconf 91' lang='lat' dir='ltr'><strong>XXIIII</strong></span> <span class='ocrx_word' id='word_1_254' title='bbox 1089 1142 1146 1188; x_wconf 83' lang='grc'><em>39,</em></span> <span class='ocrx_word' id='word_1_255' title='bbox 1171 1142 1280 1177; x_wconf 86' lang='lat' dir='ltr'>Isocr.</span> <span class='ocrx_word' id='word_1_256' title='bbox 1304 1142 1378 1177; x_wconf 91' lang='lat' dir='ltr'><em>XII</em></span> <span class='ocrx_word' id='word_1_257' title='bbox 1402 1141 1459 1176; x_wconf 88' lang='lat'><em>44.</em></span> <span class='ocrx_word' id='word_1_258' title='bbox 1487 1141 1634 1188; x_wconf 87' lang='lat' dir='ltr'>Antiph.</span> 
     </span>
     <span class='ocr_line' id='line_1_24' title="bbox 94 1193 1634 1247; baseline -0.001 -12"><span class='ocrx_word' id='word_1_259' title='bbox 94 1201 128 1235; x_wconf 92' lang='lat' dir='ltr'><strong>V</strong></span> <span class='ocrx_word' id='word_1_260' title='bbox 159 1201 214 1236; x_wconf 86' lang='lat'><em>10:</em></span> <span class='ocrx_word' id='word_1_261' title='bbox 243 1198 393 1236; x_wconf 71' lang='grc' dir='ltr'><em>ἔλασσον</em></span> <span class='ocrx_word' id='word_1_262' title='bbox 414 1193 557 1246; x_wconf 61' lang='grc' dir='ltr'><em>ἓνειμαν</em></span> <span class='ocrx_word' id='word_1_263' title='bbox 582 1205 630 1247; x_wconf 80' lang='grc' dir='ltr'><em>τῷ</em></span> <span class='ocrx_word' id='word_1_264' title='bbox 656 1201 861 1247; x_wconf 73' lang='grc' dir='ltr'><em>τεθνηκότι·</em></span> <span class='ocrx_word' id='word_1_265' title='bbox 889 1198 930 1236; x_wconf 66' lang='grc' dir='ltr'><em>οἷ’</em></span> <span class='ocrx_word' id='word_1_266' title='bbox 955 1198 988 1235; x_wconf 78' lang='grc' dir='ltr'><em>δ’</em></span> <span class='ocrx_word' id='word_1_267' title='bbox 1005 1199 1115 1244; x_wconf 76' lang='grc' dir='ltr'><em>ἕνεκα,</em></span> <span class='ocrx_word' id='word_1_268' title='bbox 1142 1203 1333 1245; x_wconf 85' lang='grc' dir='ltr'><em>γνώσεσθε,</em></span> <span class='ocrx_word' id='word_1_269' title='bbox 1365 1199 1504 1236; x_wconf 88' lang='lat' dir='ltr'>Andoc.</span> <span class='ocrx_word' id='word_1_270' title='bbox 1523 1200 1541 1235; x_wconf 95' lang='lat' dir='ltr'><strong>I</strong></span> <span class='ocrx_word' id='word_1_271' title='bbox 1568 1200 1634 1235; x_wconf 77' lang='lat'><em>117</em></span> 
     </span>
     <span class='ocr_line' id='line_1_25' title="bbox 93 1255 1636 1305; baseline 0 -12"><span class='ocrx_word' id='word_1_272' title='bbox 93 1259 160 1303; x_wconf 82' lang='grc' dir='ltr'><em>ἐγὼ</em></span> <span class='ocrx_word' id='word_1_273' title='bbox 186 1257 225 1293; x_wconf 78' lang='grc' dir='ltr'><em>δὲ</em></span> <span class='ocrx_word' id='word_1_274' title='bbox 250 1258 330 1303; x_wconf 84' lang='grc' dir='ltr'><em>ὑμῖν</em></span> <span class='ocrx_word' id='word_1_275' title='bbox 356 1258 577 1305; x_wconf 83' lang='grc' dir='ltr'><em>διηγήσομαι,</em></span> <span class='ocrx_word' id='word_1_276' title='bbox 611 1255 658 1292; x_wconf 84' lang='grc' dir='ltr'><em>ὧν</em></span> <span class='ocrx_word' id='word_1_277' title='bbox 682 1255 743 1292; x_wconf 69' lang='grc' dir='ltr'><em>ὑπ’</em></span> <span class='ocrx_word' id='word_1_278' title='bbox 761 1260 867 1292; x_wconf 83' lang='grc' dir='ltr'><em>αὐτοῦ</em></span> <span class='ocrx_word' id='word_1_279' title='bbox 892 1256 991 1292; x_wconf 78' lang='grc' dir='ltr'><em>ἕνεκα</em></span> <span class='ocrx_word' id='word_1_280' title='bbox 1015 1257 1288 1304; x_wconf 81' lang='grc' dir='ltr'><em>ἐπεβουλεύθην,</em></span> <span class='ocrx_word' id='word_1_281' title='bbox 1326 1258 1394 1292; x_wconf 89' lang='lat'><em>134</em></span> <span class='ocrx_word' id='word_1_282' title='bbox 1425 1258 1563 1303; x_wconf 79' lang='grc' dir='ltr'><em>γνόντες</em></span> <span class='ocrx_word' id='word_1_283' title='bbox 1594 1259 1636 1293; x_wconf 87' lang='grc' dir='ltr'><em>τὸ</em></span> 
     </span>
     <span class='ocr_line' id='line_1_26' title="bbox 94 1309 1637 1364; baseline 0.001 -14"><span class='ocrx_word' id='word_1_284' title='bbox 94 1321 238 1362; x_wconf 84' lang='grc' dir='ltr'><em>πρᾶγμα</em></span> <span class='ocrx_word' id='word_1_285' title='bbox 271 1309 348 1351; x_wconf 83' lang='grc' dir='ltr'><em>οἷον</em></span> <span class='ocrx_word' id='word_1_286' title='bbox 371 1314 436 1363; x_wconf 82' lang='grc' dir='ltr'><em>εἴη,</em></span> <span class='ocrx_word' id='word_1_287' title='bbox 470 1314 507 1349; x_wconf 90' lang='lat' dir='ltr'><em>II</em></span> <span class='ocrx_word' id='word_1_288' title='bbox 536 1314 576 1348; x_wconf 86' lang='lat'><em>17</em></span> <span class='ocrx_word' id='word_1_289' title='bbox 613 1314 697 1361; x_wconf 84' lang='grc' dir='ltr'><em>ὁρᾶν</em></span> <span class='ocrx_word' id='word_1_290' title='bbox 722 1313 761 1350; x_wconf 81' lang='grc' dir='ltr'><em>δὲ</em></span> <span class='ocrx_word' id='word_1_291' title='bbox 791 1316 866 1363; x_wconf 80' lang='grc' dir='ltr'><em>χρή,</em></span> <span class='ocrx_word' id='word_1_292' title='bbox 900 1314 973 1362; x_wconf 78' lang='grc' dir='ltr'><em>ὅσῳ</em></span> <span class='ocrx_word' id='word_1_293' title='bbox 1007 1316 1050 1349; x_wconf 85' lang='grc' dir='ltr'><em>τὰ</em></span> <span class='ocrx_word' id='word_1_294' title='bbox 1083 1319 1230 1350; x_wconf 86' lang='grc' dir='ltr'><em>τοιαῦτα</em></span> <span class='ocrx_word' id='word_1_295' title='bbox 1260 1319 1330 1350; x_wconf 88' lang='grc' dir='ltr'><em>τῶν</em></span> <span class='ocrx_word' id='word_1_296' title='bbox 1362 1315 1637 1364; x_wconf 79' lang='grc' dir='ltr'><em>ὑπουργημάτων</em></span> 
     </span>
     <span class='ocr_line' id='line_1_27' title="bbox 94 1371 1636 1420; baseline 0.001 -13"><span class='ocrx_word' id='word_1_297' title='bbox 94 1372 304 1419; x_wconf 77' lang='grc' dir='ltr'><em>διαφέρει.“-’)</em></span> <span class='ocrx_word' id='word_1_298' title='bbox 328 1372 449 1418; x_wconf 85' lang='lat' dir='ltr'>(Lys.)</span> <span class='ocrx_word' id='word_1_299' title='bbox 470 1373 503 1406; x_wconf 90' lang='lat' dir='ltr'><em>II</em></span> <span class='ocrx_word' id='word_1_300' title='bbox 523 1372 568 1405; x_wconf 77' lang='lat'><em>72</em></span> <span class='ocrx_word' id='word_1_301' title='bbox 586 1374 745 1418; x_wconf 89' lang='grc' dir='ltr'><em>νεώτεροι</em></span> <span class='ocrx_word' id='word_1_302' title='bbox 765 1400 772 1406; x_wconf 95' lang='grc'>.</span> <span class='ocrx_word' id='word_1_303' title='bbox 792 1400 800 1407; x_wconf 93' lang='grc'><strong>.</strong></span> <span class='ocrx_word' id='word_1_304' title='bbox 818 1373 840 1418; x_wconf 74' lang='grc' dir='ltr'><em>’ἢ</em></span> <span class='ocrx_word' id='word_1_305' title='bbox 865 1373 955 1406; x_wconf 86' lang='grc' dir='ltr'><em>ὥστε</em></span> <span class='ocrx_word' id='word_1_306' title='bbox 971 1371 1113 1414; x_wconf 83' lang='grc' dir='ltr'><em>εἰδέναι,</em></span> <span class='ocrx_word' id='word_1_307' title='bbox 1139 1372 1223 1407; x_wconf 81' lang='grc' dir='ltr'><em>οἵων</em></span> <span class='ocrx_word' id='word_1_308' title='bbox 1239 1371 1402 1418; x_wconf 85' lang='grc' dir='ltr'><em>πατέρων</em></span> <span class='ocrx_word' id='word_1_309' title='bbox 1418 1371 1636 1420; x_wconf 70' lang='grc' dir='ltr'><em>ἕστέρηνταις</em></span> 
     </span>
     <span class='ocr_line' id='line_1_28' title="bbox 93 1428 1636 1472; baseline 0.002 -9"><span class='ocrx_word' id='word_1_310' title='bbox 93 1429 138 1464; x_wconf 89' lang='lat' dir='ltr'><em>cf.</em></span> <span class='ocrx_word' id='word_1_311' title='bbox 158 1429 251 1464; x_wconf 91' lang='lat' dir='ltr'><strong>XIII</strong></span> <span class='ocrx_word' id='word_1_312' title='bbox 277 1429 333 1463; x_wconf 84' lang='grc'><em>62.</em></span> <span class='ocrx_word' id='word_1_313' title='bbox 378 1429 414 1463; x_wconf 91' lang='lat' dir='ltr'>in</span> <span class='ocrx_word' id='word_1_314' title='bbox 440 1428 630 1463; x_wconf 79' lang='lat' dir='ltr'><em>Aeschinis</em></span> <span class='ocrx_word' id='word_1_315' title='bbox 664 1429 740 1463; x_wconf 90' lang='lat' dir='ltr'>loco</span> <span class='ocrx_word' id='word_1_316' title='bbox 766 1428 821 1463; x_wconf 91' lang='lat' dir='ltr'><em>III</em></span> <span class='ocrx_word' id='word_1_317' title='bbox 847 1428 909 1463; x_wconf 82' lang='lat'><em>94:</em></span> <span class='ocrx_word' id='word_1_318' title='bbox 943 1432 1024 1472; x_wconf 88' lang='grc' dir='ltr'><em>τοὺς</em></span> <span class='ocrx_word' id='word_1_319' title='bbox 1056 1429 1095 1464; x_wconf 80' lang='grc' dir='ltr'><em>ἐκ</em></span> <span class='ocrx_word' id='word_1_320' title='bbox 1123 1434 1194 1464; x_wconf 89' lang='grc' dir='ltr'><em>τῶν</em></span> <span class='ocrx_word' id='word_1_321' title='bbox 1218 1429 1357 1465; x_wconf 90' lang='grc' dir='ltr'><em>πόλεων</em></span> <span class='ocrx_word' id='word_1_322' title='bbox 1389 1432 1522 1466; x_wconf 90' lang='grc' dir='ltr'><em>τούτων</em></span> <span class='ocrx_word' id='word_1_323' title='bbox 1555 1441 1636 1466; x_wconf 91' lang='grc' dir='ltr'><em>συν-</em></span> 
     </span>
     <span class='ocr_line' id='line_1_29' title="bbox 92 1484 1636 1535; baseline 0.001 -13"><span class='ocrx_word' id='word_1_324' title='bbox 92 1486 214 1532; x_wconf 85' lang='grc' dir='ltr'><em>έδρους</em></span> <span class='ocrx_word' id='word_1_325' title='bbox 232 1516 239 1522; x_wconf 92' lang='grc'><strong>.</strong></span> <span class='ocrx_word' id='word_1_326' title='bbox 261 1515 267 1521; x_wconf 92' lang='grc'><strong>.</strong></span> <span class='ocrx_word' id='word_1_327' title='bbox 287 1487 492 1535; x_wconf 83' lang='grc' dir='ltr'><em>ἀνέστησαν,</em></span> <span class='ocrx_word' id='word_1_328' title='bbox 520 1487 628 1522; x_wconf 85' lang='grc' dir='ltr'><em>πάλιν</em></span> <span class='ocrx_word' id='word_1_329' title='bbox 654 1486 692 1522; x_wconf 70' lang='grc' dir='ltr'><em>δὲ</em></span> <span class='ocrx_word' id='word_1_330' title='bbox 718 1488 768 1529; x_wconf 88' lang='grc' dir='ltr'><em>εἰς</em></span> <span class='ocrx_word' id='word_1_331' title='bbox 793 1485 958 1522; x_wconf 82' lang='grc' dir='ltr'><em>Χαλκίδα</em></span> <span class='ocrx_word' id='word_1_332' title='bbox 983 1489 1181 1534; x_wconf 80' lang='grc' dir='ltr'><em>συνήγαγον.</em></span> <span class='ocrx_word' id='word_1_333' title='bbox 1217 1487 1257 1522; x_wconf 85' lang='grc' dir='ltr'><em>ὃν</em></span> <span class='ocrx_word' id='word_1_334' title='bbox 1282 1488 1320 1523; x_wconf 83' lang='grc' dir='ltr'><em>δὲ</em></span> <span class='ocrx_word' id='word_1_335' title='bbox 1346 1488 1479 1534; x_wconf 86' lang='grc' dir='ltr'><em>τρόπον</em></span> <span class='ocrx_word' id='word_1_336' title='bbox 1502 1487 1561 1523; x_wconf 85' lang='grc' dir='ltr'><em>καὶ</em></span> <span class='ocrx_word' id='word_1_337' title='bbox 1587 1484 1636 1524; x_wconf 80' lang='grc' dir='ltr'><em>δι’</em></span> 
     </span>
     <span class='ocr_line' id='line_1_30' title="bbox 93 1542 1634 1592; baseline 0.001 -14"><span class='ocrx_word' id='word_1_338' title='bbox 93 1544 177 1578; x_wconf 82' lang='grc' dir='ltr'><em>οἵων</em></span> <span class='ocrx_word' id='word_1_339' title='bbox 206 1546 513 1590; x_wconf 80' lang='grc' dir='ltr'><em>κακουργημάτων,</em></span> <span class='ocrx_word' id='word_1_340' title='bbox 548 1542 646 1578; x_wconf 78' lang='grc' dir='ltr'><em>ταῦτ’</em></span> <span class='ocrx_word' id='word_1_341' title='bbox 672 1545 738 1592; x_wconf 73' lang='grc' dir='ltr'><em>’ἤδη</em></span> <span class='ocrx_word' id='word_1_342' title='bbox 772 1543 871 1585; x_wconf 78' lang='grc' dir='ltr'><em>ἄξιόν</em></span> <span class='ocrx_word' id='word_1_343' title='bbox 903 1544 1000 1578; x_wconf 77' lang='grc' dir='ltr'><em>ἐστιν</em></span> <span class='ocrx_word' id='word_1_344' title='bbox 1033 1545 1182 1579; x_wconf 82' lang='grc' dir='ltr'><em>ἀκοῦσαι</em></span> <span class='ocrx_word' id='word_1_345' title='bbox 1217 1544 1401 1579; x_wconf 87' lang='lat' dir='ltr'>Kuehneri</span> <span class='ocrx_word' id='word_1_346' title='bbox 1432 1544 1634 1591; x_wconf 85' lang='lat' dir='ltr'><em>explicatio,</em></span> 
     </span>
     <span class='ocr_line' id='line_1_31' title="bbox 94 1600 1632 1646; baseline 0.001 -12"><span class='ocrx_word' id='word_1_347' title='bbox 94 1613 201 1646; x_wconf 86' lang='lat' dir='ltr'><strong>quam</strong></span> <span class='ocrx_word' id='word_1_348' title='bbox 227 1602 262 1635; x_wconf 94' lang='lat' dir='ltr'>in</span> <span class='ocrx_word' id='word_1_349' title='bbox 289 1601 427 1635; x_wconf 83' lang='lat' dir='ltr'>Timaei</span> <span class='ocrx_word' id='word_1_350' title='bbox 453 1600 530 1635; x_wconf 82' lang='lat' dir='ltr'>loco</span> <span class='ocrx_word' id='word_1_351' title='bbox 557 1601 745 1635; x_wconf 85' lang='lat' dir='ltr'>tractando</span> <span class='ocrx_word' id='word_1_352' title='bbox 771 1600 990 1646; x_wconf 80' lang='lat' dir='ltr'><strong>admisimus,</strong></span> <span class='ocrx_word' id='word_1_353' title='bbox 1018 1612 1103 1635; x_wconf 84' lang='lat' dir='ltr'>sane</span> <span class='ocrx_word' id='word_1_354' title='bbox 1130 1601 1350 1635; x_wconf 84' lang='lat' dir='ltr'>artificiosior</span> <span class='ocrx_word' id='word_1_355' title='bbox 1376 1613 1454 1636; x_wconf 87' lang='lat' dir='ltr'>esse</span> <span class='ocrx_word' id='word_1_356' title='bbox 1480 1601 1632 1637; x_wconf 85' lang='lat' dir='ltr'><em>videtur.</em></span> 
     </span>
     <span class='ocr_line' id='line_1_32' title="bbox 93 1657 1636 1703; baseline 0.002 -12"><span class='ocrx_word' id='word_1_357' title='bbox 93 1669 138 1691; x_wconf 91' lang='lat' dir='ltr'><em>ne</em></span> <span class='ocrx_word' id='word_1_358' title='bbox 164 1670 249 1692; x_wconf 86' lang='lat' dir='ltr'>vero</span> <span class='ocrx_word' id='word_1_359' title='bbox 276 1658 480 1703; x_wconf 84' lang='lat' dir='ltr'>posterioris</span> <span class='ocrx_word' id='word_1_360' title='bbox 505 1658 632 1691; x_wconf 80' lang='lat' dir='ltr'>aetatis</span> <span class='ocrx_word' id='word_1_361' title='bbox 658 1657 824 1703; x_wconf 79' lang='lat' dir='ltr'>exempla</span> <span class='ocrx_word' id='word_1_362' title='bbox 851 1657 1109 1699; x_wconf 81' lang='lat' dir='ltr'><em>desiderentur,</em></span> <span class='ocrx_word' id='word_1_363' title='bbox 1135 1657 1267 1692; x_wconf 88' lang='lat' dir='ltr'><strong>addam</strong></span> <span class='ocrx_word' id='word_1_364' title='bbox 1293 1657 1492 1693; x_wconf 86' lang='lat' dir='ltr'>Aristotelis</span> <span class='ocrx_word' id='word_1_365' title='bbox 1517 1658 1636 1694; x_wconf 84' lang='lat' dir='ltr'><em>locum</em></span> 
     </span>
     <span class='ocr_line' id='line_1_33' title="bbox 91 1714 1632 1763; baseline 0.002 -15"><span class='ocrx_word' id='word_1_366' title='bbox 91 1721 184 1761; x_wconf 87' lang='lat' dir='ltr'>poet.</span> <span class='ocrx_word' id='word_1_367' title='bbox 205 1728 234 1749; x_wconf 74' lang='lat' dir='ltr'><em>e.</em></span> <span class='ocrx_word' id='word_1_368' title='bbox 258 1716 294 1748; x_wconf 94' lang='lat' dir='ltr'><em>ll</em></span> <span class='ocrx_word' id='word_1_369' title='bbox 318 1715 447 1761; x_wconf 46' lang='grc' dir='ltr'><em>(14523ι</em></span> <span class='ocrx_word' id='word_1_370' title='bbox 466 1714 526 1755; x_wconf 71' lang='grc'><em>26)</em></span> <span class='ocrx_word' id='word_1_371' title='bbox 555 1715 716 1761; x_wconf 80' lang='grc' dir='ltr'><em>δηλώσας</em></span> <span class='ocrx_word' id='word_1_372' title='bbox 740 1714 779 1757; x_wconf 81' lang='grc' dir='ltr'><em>ὃς</em></span> <span class='ocrx_word' id='word_1_373' title='bbox 803 1714 859 1763; x_wconf 68' lang='grc' dir='ltr'><em>ἦν,</em></span> <span class='ocrx_word' id='word_1_374' title='bbox 887 1714 932 1749; x_wconf 85' lang='lat' dir='ltr'><em>cf.</em></span> <span class='ocrx_word' id='word_1_375' title='bbox 952 1720 1138 1761; x_wconf 83' lang='lat' dir='ltr'>praeterea</span> <span class='ocrx_word' id='word_1_376' title='bbox 1155 1715 1317 1750; x_wconf 89' lang='lat' dir='ltr'>Kaelker</span> <span class='ocrx_word' id='word_1_377' title='bbox 1340 1715 1385 1750; x_wconf 88' lang='lat' dir='ltr'><em>de</em></span> <span class='ocrx_word' id='word_1_378' title='bbox 1402 1715 1488 1751; x_wconf 86' lang='lat' dir='ltr'>eloc.</span> <span class='ocrx_word' id='word_1_379' title='bbox 1506 1715 1632 1763; x_wconf 86' lang='lat' dir='ltr'>Polyb.</span> 
     </span>
     <span class='ocr_line' id='line_1_34' title="bbox 91 1771 1634 1818; baseline 0.001 -12"><span class='ocrx_word' id='word_1_380' title='bbox 91 1785 126 1818; x_wconf 89' lang='lat' dir='ltr'><em>p.</em></span> <span class='ocrx_word' id='word_1_381' title='bbox 144 1772 225 1806; x_wconf 88' lang='grc'><em>249.</em></span> <span class='ocrx_word' id='word_1_382' title='bbox 269 1772 365 1818; x_wconf 86' lang='lat' dir='ltr'><em>apud</em></span> <span class='ocrx_word' id='word_1_383' title='bbox 392 1772 619 1818; x_wconf 86' lang='lat' dir='ltr'>Apollonium</span> <span class='ocrx_word' id='word_1_384' title='bbox 655 1784 724 1806; x_wconf 90' lang='lat' dir='ltr'><em>uno</em></span> <span class='ocrx_word' id='word_1_385' title='bbox 760 1771 838 1806; x_wconf 91' lang='lat' dir='ltr'>loco</span> <span class='ocrx_word' id='word_1_386' title='bbox 872 1777 1035 1818; x_wconf 81' lang='lat' dir='ltr'><em>excepto,</em></span> <span class='ocrx_word' id='word_1_387' title='bbox 1071 1784 1177 1818; x_wconf 90' lang='lat' dir='ltr'><em>quem</em></span> <span class='ocrx_word' id='word_1_388' title='bbox 1212 1777 1250 1807; x_wconf 85' lang='lat' dir='ltr'><em>ut</em></span> <span class='ocrx_word' id='word_1_389' title='bbox 1275 1772 1429 1808; x_wconf 86' lang='lat' dir='ltr'><strong>dubium</strong></span> <span class='ocrx_word' id='word_1_390' title='bbox 1458 1773 1550 1808; x_wconf 83' lang='lat' dir='ltr'>infra</span> <span class='ocrx_word' id='word_1_391' title='bbox 1575 1773 1634 1808; x_wconf 79' lang='lat' dir='ltr'><em>ad-</em></span> 
     </span>
     <span class='ocr_line' id='line_1_35' title="bbox 90 1828 1714 1877; baseline 0.002 -14"><span class='ocrx_word' id='word_1_392' title='bbox 90 1829 215 1873; x_wconf 86' lang='lat' dir='ltr'>feram,</span> <span class='ocrx_word' id='word_1_393' title='bbox 249 1829 437 1864; x_wconf 78' lang='lat' dir='ltr'><em>relativum</em></span> <span class='ocrx_word' id='word_1_394' title='bbox 471 1830 586 1876; x_wconf 85' lang='lat' dir='ltr'>ipsum</span> <span class='ocrx_word' id='word_1_395' title='bbox 620 1829 686 1864; x_wconf 91' lang='lat' dir='ltr'><em>hoc</em></span> <span class='ocrx_word' id='word_1_396' title='bbox 721 1828 826 1864; x_wconf 89' lang='lat' dir='ltr'><em>modo</em></span> <span class='ocrx_word' id='word_1_397' title='bbox 860 1834 1070 1875; x_wconf 83' lang='lat' dir='ltr'><strong>usurpatum</strong></span> <span class='ocrx_word' id='word_1_398' title='bbox 1106 1842 1176 1865; x_wconf 93' lang='lat' dir='ltr'><em>non</em></span> <span class='ocrx_word' id='word_1_399' title='bbox 1210 1831 1339 1875; x_wconf 90' lang='lat' dir='ltr'>inveni,</span> <span class='ocrx_word' id='word_1_400' title='bbox 1374 1830 1437 1866; x_wconf 83' lang='lat' dir='ltr'><em>sed</em></span> <span class='ocrx_word' id='word_1_401' title='bbox 1467 1830 1636 1877; x_wconf 83' lang='lat' dir='ltr'><em>leguntur</em></span> <span class='ocrx_word' id='word_1_402' title='bbox 1689 1847 1714 1861; x_wconf 41' lang='lat'><em>*-</em></span> 
     </span>
     <span class='ocr_line' id='line_1_36' title="bbox 91 1881 1714 1938; baseline 0.001 -16"><span class='ocrx_word' id='word_1_403' title='bbox 91 1881 168 1929; x_wconf 79' lang='grc' dir='ltr'><em>οἷος</em></span> <span class='ocrx_word' id='word_1_404' title='bbox 194 1892 229 1921; x_wconf 87' lang='lat' dir='ltr'><em>et</em></span> <span class='ocrx_word' id='word_1_405' title='bbox 254 1888 351 1929; x_wconf 68' lang='lat'><em>6009:</em></span> <span class='ocrx_word' id='word_1_406' title='bbox 386 1887 423 1921; x_wconf 91' lang='lat' dir='ltr'><em>II</em></span> <span class='ocrx_word' id='word_1_407' title='bbox 450 1887 520 1921; x_wconf 82' lang='grc'><em>762</em></span> <span class='ocrx_word' id='word_1_408' title='bbox 539 1899 616 1933; x_wconf 86' lang='lat' dir='ltr'><strong>sqq.</strong></span> <span class='ocrx_word' id='word_1_409' title='bbox 644 1884 763 1932; x_wconf 68' lang='grc' dir='ltr'><em>οὔνομ’</em></span> <span class='ocrx_word' id='word_1_410' title='bbox 788 1887 937 1922; x_wconf 83' lang='grc' dir='ltr'><em>ἑκάστου</em></span> <span class='ocrx_word' id='word_1_411' title='bbox 959 1887 964 1932; x_wconf 72' lang='grc' dir='ltr'>Ι</span> <span class='ocrx_word' id='word_1_412' title='bbox 986 1886 1192 1934; x_wconf 80' lang='grc' dir='ltr'><em>σφωιτέρων</em></span> <span class='ocrx_word' id='word_1_413' title='bbox 1215 1886 1366 1933; x_wconf 76' lang='grc' dir='ltr'><em>μυθεῖθ’</em></span> <span class='ocrx_word' id='word_1_414' title='bbox 1383 1888 1526 1935; x_wconf 71' lang='grc' dir='ltr'><em>ἑτάρων,</em></span> <span class='ocrx_word' id='word_1_415' title='bbox 1558 1890 1634 1924; x_wconf 75' lang='lat' dir='ltr'><em>He-</em></span> <span class='ocrx_word' id='word_1_416' title='bbox 1670 1926 1673 1930; x_wconf 54' lang='grc'><em>,</em></span> <span class='ocrx_word' id='word_1_417' title='bbox 1712 1934 1714 1938; x_wconf 37' lang='grc' dir='ltr'>Ι</span> 
     </span>
     <span class='ocr_line' id='line_1_37' title="bbox 89 1942 1633 1991; baseline 0.001 -13"><span class='ocrx_word' id='word_1_418' title='bbox 89 1942 169 1978; x_wconf 89' lang='grc' dir='ltr'><em>λίαό</em></span> <span class='ocrx_word' id='word_1_419' title='bbox 202 1942 235 1978; x_wconf 78' lang='grc' dir='ltr'><em>τ’</em></span> <span class='ocrx_word' id='word_1_420' title='bbox 259 1944 430 1991; x_wconf 78' lang='grc' dir='ltr'><em>ἐφετμάς,</em></span> <span class='ocrx_word' id='word_1_421' title='bbox 462 1944 465 1989; x_wconf 86' lang='grc' dir='ltr'>Ι</span> <span class='ocrx_word' id='word_1_422' title='bbox 497 1942 553 1990; x_wconf 75' lang='grc' dir='ltr'><em>ἠδ’</em></span> <span class='ocrx_word' id='word_1_423' title='bbox 580 1945 627 1986; x_wconf 85' lang='grc' dir='ltr'><em>ὡς</em></span> <span class='ocrx_word' id='word_1_424' title='bbox 660 1944 931 1990; x_wconf 87' lang='grc' dir='ltr'><em>Λημνιάδεσσιν</em></span> <span class='ocrx_word' id='word_1_425' title='bbox 964 1943 1205 1985; x_wconf 81' lang='grc' dir='ltr'><em>ἐπιξεινοῦντο</em></span> <span class='ocrx_word' id='word_1_426' title='bbox 1239 1943 1405 1990; x_wconf 86' lang='grc' dir='ltr'><em>γυναιξίν,</em></span> <span class='ocrx_word' id='word_1_427' title='bbox 1437 1946 1442 1990; x_wconf 90' lang='grc' dir='ltr'>Ι</span> <span class='ocrx_word' id='word_1_428' title='bbox 1471 1946 1562 1981; x_wconf 76' lang='grc' dir='ltr'><em>ὅσσα</em></span> <span class='ocrx_word' id='word_1_429' title='bbox 1594 1957 1633 1980; x_wconf 83' lang='grc' dir='ltr'><em>τε</em></span> 
     </span>
     <span class='ocr_line' id='line_1_38' title="bbox 89 1998 1633 2049; baseline 0.003 -14"><span class='ocrx_word' id='word_1_430' title='bbox 89 1999 243 2043; x_wconf 85' lang='grc' dir='ltr'><em>Κύζικον</em></span> <span class='ocrx_word' id='word_1_431' title='bbox 276 2000 368 2048; x_wconf 81' lang='grc' dir='ltr'><em>ἀμφὶ</em></span> <span class='ocrx_word' id='word_1_432' title='bbox 399 1999 586 2047; x_wconf 75' lang='grc' dir='ltr'><em>Δολιονίην</em></span> <span class='ocrx_word' id='word_1_433' title='bbox 618 1999 821 2043; x_wconf 66' lang='grc' dir='ltr'><em>ἐτέλεσσαν,</em></span> <span class='ocrx_word' id='word_1_434' title='bbox 856 2000 902 2035; x_wconf 86' lang='lat' dir='ltr'><em>cf.</em></span> <span class='ocrx_word' id='word_1_435' title='bbox 926 2000 963 2035; x_wconf 91' lang='lat' dir='ltr'><em>II</em></span> <span class='ocrx_word' id='word_1_436' title='bbox 988 2000 1045 2045; x_wconf 82' lang='lat'><em>58,</em></span> <span class='ocrx_word' id='word_1_437' title='bbox 1071 2000 1147 2036; x_wconf 94' lang='lat' dir='ltr'><strong>IIII</strong></span> <span class='ocrx_word' id='word_1_438' title='bbox 1173 2001 1252 2046; x_wconf 85' lang='lat'>733,</span> <span class='ocrx_word' id='word_1_439' title='bbox 1287 2001 1342 2037; x_wconf 91' lang='lat' dir='ltr'><em>III</em></span> <span class='ocrx_word' id='word_1_440' title='bbox 1370 2002 1459 2037; x_wconf 88' lang='grc'>1161</span> <span class='ocrx_word' id='word_1_441' title='bbox 1490 2002 1575 2049; x_wconf 79' lang='grc' dir='ltr'><em>ὑγρὰ</em></span> <span class='ocrx_word' id='word_1_442' title='bbox 1600 1998 1633 2039; x_wconf 74' lang='grc' dir='ltr'><em>δ’</em></span> 
     </span>
     <span class='ocr_line' id='line_1_39' title="bbox 88 2051 1632 2105; baseline 0.003 -15"><span class='ocrx_word' id='word_1_443' title='bbox 88 2058 126 2091; x_wconf 77' lang='grc' dir='ltr'><em>ἐν</em></span> <span class='ocrx_word' id='word_1_444' title='bbox 158 2058 351 2105; x_wconf 82' lang='grc' dir='ltr'><em>βλεφάροις</em></span> <span class='ocrx_word' id='word_1_445' title='bbox 384 2056 460 2101; x_wconf 72' lang='grc' dir='ltr'><em>ἔχεν</em></span> <span class='ocrx_word' id='word_1_446' title='bbox 494 2057 636 2102; x_wconf 76' lang='grc' dir='ltr'><em>ὄμματα</em></span> <span class='ocrx_word' id='word_1_447' title='bbox 670 2051 911 2103; x_wconf 85' lang='grc' dir='ltr'><em>πορφύρουσα,</em></span> <span class='ocrx_word' id='word_1_448' title='bbox 935 2058 940 2102; x_wconf 83' lang='grc' dir='ltr'>Ι</span> <span class='ocrx_word' id='word_1_449' title='bbox 962 2052 1037 2092; x_wconf 81' lang='grc' dir='ltr'><em>οἷον</em></span> <span class='ocrx_word' id='word_1_450' title='bbox 1065 2058 1105 2104; x_wconf 78' lang='grc' dir='ltr'><em>ἑῇ</em></span> <span class='ocrx_word' id='word_1_451' title='bbox 1135 2060 1242 2093; x_wconf 87' lang='grc' dir='ltr'><em>κακὸν</em></span> <span class='ocrx_word' id='word_1_452' title='bbox 1266 2056 1366 2104; x_wconf 71' lang='grc' dir='ltr'><em>ἔργον</em></span> <span class='ocrx_word' id='word_1_453' title='bbox 1389 2058 1632 2100; x_wconf 79' lang='grc' dir='ltr'><em>ἐπιξυνώσατο</em></span> 
     </span>
     <span class='ocr_line' id='line_1_40' title="bbox 86 2108 1632 2162; baseline 0 -13"><span class='ocrx_word' id='word_1_454' title='bbox 86 2114 206 2162; x_wconf 84' lang='grc' dir='ltr'><em>βουλῇ,</em></span> <span class='ocrx_word' id='word_1_455' title='bbox 243 2113 317 2148; x_wconf 93' lang='lat' dir='ltr'><strong>IIII</strong></span> <span class='ocrx_word' id='word_1_456' title='bbox 342 2114 413 2148; x_wconf 77' lang='lat'><em>475</em></span> <span class='ocrx_word' id='word_1_457' title='bbox 447 2111 531 2157; x_wconf 78' lang='grc' dir='ltr'><em>ἴδεν,</em></span> <span class='ocrx_word' id='word_1_458' title='bbox 564 2108 640 2149; x_wconf 77' lang='grc' dir='ltr'><em>οἷον</em></span> <span class='ocrx_word' id='word_1_459' title='bbox 665 2111 795 2158; x_wconf 75' lang='grc' dir='ltr'><em>ἔρεξαν,</em></span> <span class='ocrx_word' id='word_1_460' title='bbox 831 2114 874 2149; x_wconf 87' lang='lat' dir='ltr'><em>cf.</em></span> <span class='ocrx_word' id='word_1_461' title='bbox 895 2113 969 2148; x_wconf 94' lang='lat' dir='ltr'><strong>IIII</strong></span> <span class='ocrx_word' id='word_1_462' title='bbox 997 2113 1076 2160; x_wconf 82' lang='lat'><em>784,</em></span> <span class='ocrx_word' id='word_1_463' title='bbox 1098 2114 1200 2161; x_wconf 86' lang='lat'>1499,</span> <span class='ocrx_word' id='word_1_464' title='bbox 1223 2114 1322 2151; x_wconf 83' lang='lat'>1590.</span> <span class='ocrx_word' id='word_1_465' title='bbox 1367 2128 1386 2150; x_wconf 85' lang='lat' dir='ltr'>e</span> <span class='ocrx_word' id='word_1_466' title='bbox 1413 2114 1632 2151; x_wconf 83' lang='lat' dir='ltr'>Callimacho</span> 
     </span>
     <span class='ocr_line' id='line_1_41' title="bbox 42 2168 1697 2221; baseline 0.002 -15"><span class='ocrx_word' id='word_1_467' title='bbox 42 2179 43 2182; x_wconf 77' lang='grc'><strong>’</strong></span> <span class='ocrx_word' id='word_1_468' title='bbox 89 2171 243 2207; x_wconf 87' lang='lat' dir='ltr'>conferri</span> <span class='ocrx_word' id='word_1_469' title='bbox 261 2178 424 2218; x_wconf 84' lang='lat' dir='ltr'><em>possunt:</em></span> <span class='ocrx_word' id='word_1_470' title='bbox 449 2171 483 2206; x_wconf 92' lang='lat' dir='ltr'><strong>V</strong></span> <span class='ocrx_word' id='word_1_471' title='bbox 500 2171 567 2206; x_wconf 81' lang='lat'><em>123</em></span> <span class='ocrx_word' id='word_1_472' title='bbox 586 2175 772 2217; x_wconf 84' lang='grc' dir='ltr'><em>γνωσεῖται</em></span> <span class='ocrx_word' id='word_1_473' title='bbox 790 2168 823 2207; x_wconf 80' lang='grc' dir='ltr'><em>δ’</em></span> <span class='ocrx_word' id='word_1_474' title='bbox 837 2171 985 2219; x_wconf 74' lang='grc' dir='ltr'><em>ὅρνιχας,</em></span> <span class='ocrx_word' id='word_1_475' title='bbox 1010 2171 1048 2215; x_wconf 85' lang='grc' dir='ltr'><em>ὃς</em></span> <span class='ocrx_word' id='word_1_476' title='bbox 1066 2172 1180 2216; x_wconf 79' lang='grc' dir='ltr'><em>αἴσιος</em></span> <span class='ocrx_word' id='word_1_477' title='bbox 1196 2173 1234 2209; x_wconf 78' lang='grc' dir='ltr'><em>οἵ</em></span> <span class='ocrx_word' id='word_1_478' title='bbox 1248 2186 1286 2208; x_wconf 91' lang='grc' dir='ltr'><em>τε</em></span> <span class='ocrx_word' id='word_1_479' title='bbox 1303 2172 1472 2209; x_wconf 84' lang='grc' dir='ltr'><em>πέτονται</em></span> <span class='ocrx_word' id='word_1_480' title='bbox 1493 2173 1499 2220; x_wconf 80' lang='grc'>1</span> <span class='ocrx_word' id='word_1_481' title='bbox 1521 2173 1634 2221; x_wconf 75' lang='grc' dir='ltr'><em>ἤλιθα</em></span> <span class='ocrx_word' id='word_1_482' title='bbox 1694 2214 1697 2218; x_wconf 49' lang='grc'><em>,</em></span> 
     </span>
    </p>
   </div>
   <div class='ocr_carea' id='block_1_3' title="bbox 89 2256 316 2262">
    <p class='ocr_par' dir='ltr' id='par_1_3' title="bbox 89 2256 316 2262">
     <span class='ocr_line' id='line_1_42' title="bbox 89 2256 316 2262; baseline 0 0"><span class='ocrx_word' id='word_1_483' title='bbox 89 2256 316 2262; x_wconf 95' lang='lat' dir='ltr'><em> </em></span> 
     </span>
    </p>
   </div>
   <div class='ocr_carea' id='block_1_4' title="bbox 204 2293 1714 2344">
    <p class='ocr_par' dir='ltr' id='par_1_4' title="bbox 204 2293 1714 2349">
     <span class='ocr_line' id='line_1_43' title="bbox 204 2293 1714 2344; baseline -0.003 -9"><span class='ocrx_word' id='word_1_484' title='bbox 204 2307 225 2343; x_wconf 80' lang='lat'><em>¹)</em></span> <span class='ocrx_word' id='word_1_485' title='bbox 247 2307 364 2335; x_wconf 75' lang='lat' dir='ltr'>Griech.</span> <span class='ocrx_word' id='word_1_486' title='bbox 380 2306 495 2343; x_wconf 78' lang='lat' dir='ltr'>syntax</span> <span class='ocrx_word' id='word_1_487' title='bbox 516 2307 560 2334; x_wconf 82' lang='lat' dir='ltr'><em>ed.</em></span> <span class='ocrx_word' id='word_1_488' title='bbox 576 2306 614 2334; x_wconf 93' lang='lat'><em>11.</em></span> <span class='ocrx_word' id='word_1_489' title='bbox 635 2315 660 2334; x_wconf 82' lang='lat' dir='ltr'><em>a.</em></span> <span class='ocrx_word' id='word_1_490' title='bbox 679 2307 761 2340; x_wconf 83' lang='lat'>1884,</span> <span class='ocrx_word' id='word_1_491' title='bbox 782 2309 798 2341; x_wconf 65' lang='grc' dir='ltr'><em>ς</em></span> <span class='ocrx_word' id='word_1_492' title='bbox 821 2307 874 2334; x_wconf 84' lang='lat'><em>198</em></span> <span class='ocrx_word' id='word_1_493' title='bbox 887 2307 912 2334; x_wconf 89' lang='lat' dir='ltr'><em>b.</em></span> <span class='ocrx_word' id='word_1_494' title='bbox 1676 2293 1714 2344; x_wconf 39' lang='lat' dir='ltr'><strong><em>g</em></strong></span> 
     </span>
    </p>
   </div>
   <div class='ocr_carea' id='block_1_5' title="bbox 201 2349 1714 2401">
    <p class='ocr_par' dir='ltr' id='par_1_5' title="bbox 201 2349 1714 2401">
     <span class='ocr_line' id='line_1_44' title="bbox 201 2349 1714 2401; baseline -0.002 -18"><span class='ocrx_word' id='word_1_495' title='bbox 201 2355 225 2390; x_wconf 90' lang='lat'><em>²)</em></span> <span class='ocrx_word' id='word_1_496' title='bbox 246 2356 350 2383; x_wconf 83' lang='lat' dir='ltr'>Plures</span> <span class='ocrx_word' id='word_1_497' title='bbox 363 2355 554 2391; x_wconf 85' lang='lat' dir='ltr'>Antiphontis</span> <span class='ocrx_word' id='word_1_498' title='bbox 568 2358 598 2382; x_wconf 81' lang='lat' dir='ltr'><em>et</em></span> <span class='ocrx_word' id='word_1_499' title='bbox 611 2355 770 2382; x_wconf 84' lang='lat' dir='ltr'>Andocidis</span> <span class='ocrx_word' id='word_1_500' title='bbox 783 2355 865 2382; x_wconf 87' lang='lat' dir='ltr'>locos</span> <span class='ocrx_word' id='word_1_501' title='bbox 877 2355 959 2382; x_wconf 79' lang='lat' dir='ltr'>dabit</span> <span class='ocrx_word' id='word_1_502' title='bbox 971 2356 1147 2389; x_wconf 80' lang='lat' dir='ltr'>Polaekius3</span> <span class='ocrx_word' id='word_1_503' title='bbox 1164 2356 1201 2383; x_wconf 84' lang='lat' dir='ltr'><em>cf.</em></span> <span class='ocrx_word' id='word_1_504' title='bbox 1217 2357 1306 2383; x_wconf 80' lang='lat' dir='ltr'>etiam</span> <span class='ocrx_word' id='word_1_505' title='bbox 1320 2356 1458 2383; x_wconf 80' lang='lat' dir='ltr'>Karlowa</span> <span class='ocrx_word' id='word_1_506' title='bbox 1471 2366 1499 2392; x_wconf 88' lang='lat' dir='ltr'><em>p.</em></span> <span class='ocrx_word' id='word_1_507' title='bbox 1517 2357 1552 2383; x_wconf 80' lang='lat'><em>15</em></span> <span class='ocrx_word' id='word_1_508' title='bbox 1566 2349 1631 2390; x_wconf 45' lang='lat' dir='ltr'><em>sqq,</em></span> <span class='ocrx_word' id='word_1_509' title='bbox 1645 2353 1647 2356; x_wconf 75' lang='grc'><strong>“</strong></span> <span class='ocrx_word' id='word_1_510' title='bbox 1672 2363 1714 2401; x_wconf 62' lang='lat'><em>333</em></span> 
     </span>
    </p>
   </div>
   <div class='ocr_carea' id='block_1_6' title="bbox 1582 2432 1714 2583">
    <p class='ocr_par' dir='ltr' id='par_1_6' title="bbox 1582 2432 1714 2583">
     <span class='ocr_line' id='line_1_45' title="bbox 1582 2432 1714 2583; baseline 0 -118"><span class='ocrx_word' id='word_1_511' title='bbox 1582 2432 1714 2583; x_wconf 95' lang='lat' dir='ltr'><em>  </em></span> <span class='ocrx_word' id='word_1_512' title='bbox 1677 2432 1714 2465; x_wconf 95' lang='lat' dir='ltr'><em> </em></span> 
     </span>
    </p>
   </div>
  </div>
 </body>
</html>
