1714 2583
1519 25 1522 28 '
1562 20 1623 53 ’ξῃ
1594 17 1699 81 ἰ·’“.-,;,»

93 73 244 108 nominis
269 72 300 116 ὁ,
327 75 358 121 ἡ,
384 74 426 109 τό
459 86 523 119 pro
557 74 716 110 relativis
749 75 975 111 adhibentur.
1028 90 1109 113 cum
1143 83 1262 113 autem
1296 77 1427 114 formas
1451 80 1484 127 ἤ,
1510 78 1590 121 οἵ,

93 141 185 175 quae
211 130 257 164 ad
283 135 474 176 utrumque
501 143 695 176 pronomen
720 133 900 178 pertinere
924 138 1084 180 possunt,
1110 133 1158 168 ad
1179 134 1218 177 ὅς
1234 134 1401 179 referam,
1426 133 1449 171 δ’
1471 156 1518 161 -
1543 121 1647 170 m'a's-
1651 131 1666 145 “

93 186 251 221 culinum
277 186 357 221 dico
383 208 429 212 —-
456 199 563 223 sensu
587 188 736 224 relativo
762 201 832 224 non
856 189 1008 236 legatur,
1022 190 1051 237 ¹)
1087 191 1223 225 formae
1256 196 1394 227 tantum
1420 204 1442 226 a
1465 191 1601 228 littera
1611 182 1668 230 ‘cfr

92 244 302 290 incipientes
325 244 535 279 tractandae
561 250 652 280 sunt.
704 257 795 292 quae
821 247 918 293 apud
945 248 1142 282 Homerum
1159 247 1377 283 Lammertio
1402 253 1504 294 teste,
1531 249 1634 284 cuius

91 296 224 335 librum
251 302 370 335 statim
396 301 570 348 adferam,
605 304 655 338 ita
679 309 907 350 usurpantur,
943 310 984 340 ut
1016 311 1079 340 aut
1104 306 1295 351 exigantur
1323 307 1461 341 ratione
1485 307 1635 342 metrica
1654 340 1657 343 Α

92 363 152 393 aut
185 358 321 393 hiatum
356 358 493 393 licitum
527 359 661 404 tollant,
696 365 882 407 praeterea
915 363 953 396 in
982 363 1081 398 initio
1106 374 1231 397 versus
1257 367 1319 398 aut
1343 368 1424 409 post
1449 375 1633 398 caesuram

92 416 394 463 semiquinariam,
421 417 553 464 septies
579 423 659 464 post
685 430 870 454 caesuram
896 420 1178 456 semiternariam
1199 422 1230 456 E
1246 420 1326 468 747,
1344 423 1384 456 H
1398 420 1480 465 239,
1499 421 1533 456 Ω
1549 419 1632 468 449,

91 487 108 509 ε
135 473 215 518 369,
242 476 271 509 θ
289 474 369 515 373,
396 474 416 510 λ
433 474 514 519 422,
540 489 562 510 τ
579 475 635 517 82,
663 481 717 510 ter
741 482 821 523 post
846 477 1001 523 primum
1026 478 1156 525 pedem
1173 481 1203 514 θ
1219 478 1277 522 23,
1297 478 1353 523 74,
1378 491 1400 513 τ
1416 478 1497 523 393,
1524 476 1635 514 semel
1677 476 1711 496 ‘⁵

92 536 172 577 post
198 537 364 578 quartum
391 546 412 577 χ
439 532 517 568 159.
559 533 656 579 apud
675 533 934 570 Callimachum
959 540 995 570 et
1012 535 1238 583 Apollonium
1256 548 1316 571 eas
1333 537 1482 571 metrica
1498 537 1633 572 ratione
1652 549 1672 585 ᾗ

93 601 164 623 non
198 590 442 625 intercedente
475 603 546 625 non
579 591 700 626 inveni
734 593 800 627 nisi
834 593 870 627 in
897 593 996 628 initio
1021 606 1163 637 versus3
1198 593 1243 628 cf.
1264 592 1352 629 Call.
1371 593 1427 628 III
1455 593 1532 637 138,
1553 593 1635 640 161,

92 645 174 687 224,
201 646 319 692 Apoll.
338 647 356 681 I
382 646 459 691 180,
479 647 558 682 848.
602 653 724 683 contra
742 650 777 683 in
798 649 1064 695 Argonauticis,
1082 650 1144 685 ubi
1161 651 1246 684 item
1263 650 1471 697 plerumque
1488 655 1634 697 propter

91 704 264 738 rationem
290 705 475 739 metricam
502 706 638 751 positae
665 710 757 751 sunt,
784 707 860 741 sine
885 706 946 742 illa
971 719 1080 742 causa
1105 719 1175 742 non
1200 706 1314 742 solum
1339 708 1374 742 in
1392 719 1517 742 versus
1534 708 1634 743 initio

92 760 188 805 (188,
215 761 364 795 fortasse
394 762 513 809 1053),
540 763 602 797 sed
628 763 738 798 semel
764 765 871 799 etiam
897 769 979 811 post
1004 776 1188 800 caesuram
1214 765 1516 811 semiquinariam:
1552 764 1632 809 734,

92 818 201 852 semel
227 824 307 864 post
332 819 488 865 primum
513 819 656 865 pedem:
691 820 758 855 159
783 826 1009 868 usurpantur,
1037 821 1131 868 quod
1156 826 1326 856 accurata
1352 833 1438 856 usus
1463 821 1633 856 homerici

93 875 343 910 observatione
370 876 625 923 explicandum
652 889 730 912 esse
756 878 858 913 duco.

361 977 466 1008 VIII.
493 978 547 1007 De
573 978 858 1014 pronominibus
883 956 921 1009 et
946 978 1127 1009 adverbiis
1152 978 1325 1010 relativis.
1335 974 1363 1021 2)

49 1083 51 1086 ,
208 1050 429 1085 Pronominis
459 1050 729 1086 demonstrativi
759 1052 871 1086 instar
895 1052 1134 1086 nominativus
1159 1051 1197 1094 ὃς
1222 1056 1289 1086 est:
1324 1050 1402 1097 125,
1420 1051 1491 1086 415
1517 1050 1575 1097 (ὃς
1598 1048 1632 1087 δ’

92 1105 217 1154 ἅρ’),3)
252 1108 347 1153 quod
380 1109 499 1143 tricies
533 1108 608 1143 fere
643 1108 683 1143 fit
715 1109 812 1155 apud
847 1109 1058 1152 Homerum;
1094 1109 1137 1143 ef.
1165 1108 1283 1155 Apoll.
1310 1108 1385 1143 ΠΙΙ
1419 1108 1499 1153 278,
1527 1108 1631 1154 1054,

92 1234 268 1269 respondeat
293 1234 386 1261 latino
412 1235 499 1269 ‘quo',
525 1238 684 1269 usurpatur
709 1236 739 1261 in
766 1244 792 1261 v.
815 1236 896 1262 1199.
938 1244 1006 1262 num
1028 1244 1055 1261 v.
1075 1236 1127 1261 671
1151 1235 1188 1261 ad
1208 1235 1298 1261 verba
1318 1243 1345 1261 v.
1361 1235 1416 1260 668
1436 1236 1545 1272 βαθείῃ
1565 1234 1631 1261 κέλ-

91 1291 189 1318 σαμεν
216 1282 288 1319 ἀκτῇ
314 1285 360 1308 sat
386 1282 488 1309 multis
512 1283 694 1318 interpositis
720 1283 845 1309 relative
870 1283 973 1309 referri
998 1284 1102 1318 possit:
1132 1281 1209 1310 ἔνθα
1235 1281 1300 1310 ποτ’
1323 1282 1494 1319 αἰνόγαμος
1519 1284 1630 1312 Φινεὺς

91 1330 254 1367 ὑπερήνορι
279 1331 371 1366 θυμῷ
394 1330 398 1365 l
421 1329 524 1361 δοιοὺς
550 1329 697 1363 ἐξαλάωσε
730 1331 848 1367 γόνους,
879 1340 949 1358 sane
979 1331 1106 1358 dubitari
1133 1334 1238 1367 potest.
1279 1331 1385 1358 melius
1409 1334 1489 1358 certe
1514 1331 1632 1358 videtur

91 1381 202 1414 puncto
223 1387 289 1405 cum
311 1379 447 1405 omnibus
467 1379 628 1406 editoribus
650 1383 716 1414 post
736 1389 763 1406 v.
779 1380 834 1406 670
855 1380 948 1415 posito
969 1388 1084 1406 sumere
1104 1380 1141 1406 ab
1162 1378 1239 1407 ἔνθα
1261 1380 1447 1406 enuntiatum
1462 1379 1631 1414 primarium

92 1427 232 1463 incipere.
256 1427 287 1453 in
308 1436 355 1455 vv.
371 1428 436 1460 378,
451 1428 515 1461 493,
532 1428 596 1460 746,
614 1428 687 1454 1050
708 1431 787 1454 recte
801 1428 858 1453 viri
872 1427 951 1454 docti
974 1443 1008 1447 --
1031 1428 1084 1454 746
1106 1427 1313 1462 Schenkelius,
1335 1427 1457 1464 reliquis
1470 1427 1543 1454 locis
1556 1427 1631 1454 Her-

93 1484 219 1503 mannus
240 1491 275 1495 —
296 1474 373 1503 ἔνθα
393 1484 433 1510 τε,
455 1476 534 1511 quod
548 1477 665 1512 saepius
679 1476 789 1512 legitur
803 1477 966 1512 reposuisse
980 1476 1117 1503 videntur
1131 1486 1182 1512 pro
1198 1476 1331 1503 codicum
1346 1476 1498 1511 seripturis
1518 1473 1630 1503 ἐνθάδε

92 1524 139 1550 vel
166 1522 243 1551 ἔνθα
270 1523 312 1550 δέ.
353 1525 384 1550 in
409 1533 437 1550 ν.
458 1525 513 1550 493
539 1528 610 1550 ante
635 1523 712 1551 ἔνθα
739 1533 770 1551 τε
797 1533 910 1550 comma
931 1525 1098 1559 ponendum
1120 1533 1183 1550 esse
1205 1524 1310 1550 Sitzler
1330 1523 1546 1550 animadvertit.
1582 1523 1631 1549 ad-

92 1571 161 1598 dere
190 1571 263 1597 mihi
288 1571 378 1598 liceat
406 1571 494 1604 locos,
521 1571 572 1597 ubi
598 1571 726 1598 formula
752 1570 829 1598 ἔνθα
850 1572 899 1598 καὶ
919 1570 996 1599 ἔνθα
1018 1571 1139 1607 legitur:
1161 1572 1226 1605 315,
1246 1572 1312 1604 365,
1327 1571 1391 1604 559,
1406 1571 1470 1603 926,
1485 1571 1550 1605 981,
1566 1570 1632 1605 996,

93 1619 176 1646 1072.
198 1618 290 1647 ἔνθεν
312 1619 543 1646 demonstrative
564 1622 680 1646 tantum
702 1619 871 1646 adhibetur:
893 1620 1036 1654 484‚733‚
1053 1620 1124 1646 1373
1147 1618 1212 1653 (δ’).

209 1667 229 1701 ¹)
256 1667 321 1693 Nisi
347 1667 422 1693 forte
449 1668 515 1701 quis
538 1667 699 1693 Aristarchi
720 1668 871 1701 praecepti
892 1675 1003 1693 memor
1029 1667 1076 1701 (cf.
1091 1668 1136 1694 La
1155 1667 1265 1700 Roohe,
1286 1667 1372 1692 Hom.
1388 1666 1508 1692 Textkr.
1523 1675 1549 1700 p.
1565 1665 1632 1700 326)

91 1715 121 1740 in
143 1723 170 1741 v.
190 1715 242 1740 169
264 1715 281 1740 ὅ
301 1722 378 1750 σφιν
398 1714 527 1741 scribere
548 1713 660 1740 mavolt
681 1722 717 1740 ex
739 1714 801 1740 cod.
816 1714 851 1748 R,
872 1715 922 1749 qui
936 1714 1119 1741 Guttmanno
1134 1717 1209 1741 teste
1230 1714 1262 1744 ὅς
1282 1722 1339 1750 φιν
1354 1713 1480 1740 exhibet.
1498 1727 1532 1732 -
1553 1711 1632 1748 apud
1689 1754 1691 1756 Ι
1712 1753 1714 1755 ¹

91 1762 253 1789 Homerum
275 1763 307 1793 ὃς
330 1761 447 1796 1440³··‚
468 1763 485 1789 δ’
506 1761 598 1789 420ies
618 1762 736 1798 legitur.
777 1763 927 1789 invenitur
948 1763 964 1789 δ’
984 1772 1035 1798 pro
1056 1763 1088 1794 ὅς
1108 1762 1185 1798 apud
1207 1761 1280 1790 Call.
1295 1761 1354 1789 1111
1375 1762 1401 1796 7,
1422 1760 1517 1797 Apoll.
1531 1760 1546 1788 1
1567 1761 1631 1795 621,

90 1810 149 1837 1111
169 1811 235 1844 254,
256 1811 357 1844 Quint.
373 1811 387 1837 I
410 1812 472 1844 113,
494 1811 641 1838 rarissime
663 1810 742 1845 apud
763 1811 890 1846 tragicos
911 1810 960 1845 (cf.
975 1811 1117 1838 Kuehner
1136 1811 1166 1837 II
1186 1820 1213 1845 p.
1228 1810 1282 1836 511
1305 1811 1322 1843 ξ
1341 1810 1397 1836 460
1418 1807 1506 1844 adm).

207 1858 230 1893 ²)
256 1858 300 1885 Cf.
320 1858 355 1885 E.
370 1858 534 1891 Windisch,
561 1858 832 1893 Untersuchungen
853 1859 943 1885 ueber
963 1859 1019 1885 den
1041 1859 1195 1894 Ursprung
1219 1858 1270 1884 des
1290 1857 1494 1892 Relativpron.
1518 1857 1550 1882 in
1574 1855 1632 1883 den

90 1906 252 1941 indogerm.
275 1906 425 1942 Sprachen
445 1908 476 1933 in
498 1906 593 1933 Curtii
614 1906 697 1934 stud.
720 1915 743 1933 z.
766 1906 875 1941 griech.
896 1915 923 1933 u.
944 1906 993 1933 lat.
1009 1906 1137 1934 Gramm.
1158 1906 1187 1933 II
1207 1907 1261 1933 201
1283 1914 1355 1942 sqq.‚
1375 1905 1397 1932 1.
1420 1903 1554 1938 Frenzel,
1573 1904 1632 1931 Die

91 1953 324 1989 Entwickelung
344 1954 370 1981 d.
385 1954 468 1981 relat.
485 1954 646 1981 Satzbaues
665 1955 705 1980 im
722 1953 849 1987 Griech„
870 1954 1047 1981 Paderborn.
1064 1955 1146 1986 1889,
1166 1954 1200 1980 F.
1217 1953 1297 1987 Otto,
1317 1954 1456 1988 Beitriige
1471 1961 1522 1979 zur
1535 1952 1632 1980 Lehre

91 2010 158 2027 vom
180 2001 276 2028 Relat.
298 2002 346 2027 bei
366 2002 454 2028 Hom.
470 2011 565 2037 progr.
582 2002 746 2036 Weilburg.
771 2002 852 2033 1859,
874 2002 1021 2028 Wiesbad.
1039 2003 1120 2035 1864,
1142 2001 1174 2029 C.
1190 2001 1315 2034 Hentze,
1335 2000 1381 2027 De
1401 2008 1532 2035 pronom.
1547 1999 1630 2026 relat.

91 2048 213 2083 linguae
234 2048 366 2075 Graecae
386 2049 501 2084 origine
522 2052 613 2084 atque
633 2057 689 2075 usu
710 2048 786 2075 hom.
808 2048 968 2084 Gottingae
991 2049 1073 2082 1863,
1099 2048 1133 2075 E.
1149 2049 1307 2079 Lammert.
1328 2048 1374 2074 De
1395 2055 1525 2083 pronom.
1547 2046 1630 2074 relat.

90 2096 168 2123 hom.
189 2097 309 2131 Lipsiae
326 2097 408 2130 1874,
430 2097 462 2123 R.
478 2097 645 2131 Roehreke,
667 2096 767 2124 Ueber
781 2096 807 2123 d.
824 2096 978 2123 Gebrauch
993 2097 1018 2123 d.
1034 2097 1122 2123 Pron.
1144 2097 1176 2127 ὅς
1189 2095 1251 2122 und
1265 2096 1346 2125 ὅστις
1365 2095 1414 2122 bei
1433 2094 1520 2130 Soph.
1535 2103 1631 2130 progr.

91 2144 341 2170 Geestenmuend.
366 2145 448 2178 1885,
469 2144 503 2171 R.
520 2144 651 2178 Grosser,
672 2144 734 2170 Der
755 2143 975 2178 parataktische
990 2144 1169 2179 Uebergang
1190 2151 1243 2170 aus
1264 2143 1290 2170 d.
1306 2142 1507 2170 Relativsatze
1527 2142 1560 2168 in
1573 2141 1631 2169 den

42 2208 44 2211 ν
90 2191 323 2218 Demonstrativ-
339 2192 409 2218 oder
423 2192 597 2226 Hauptsatz.
620 2192 695 2227 Eph.
711 2200 811 2226 gymn.
827 2191 922 2218 Berol.
938 2192 1094 2218 XXXVIII
1114 2201 1162 2227 pp.
1178 2191 1338 2217 513—533.
1359 2190 1631 2223 commentationes,

90 2247 167 2275 quae
188 2239 225 2265 ad
245 2239 438 2266 adtractionis
458 2248 543 2266 usum
565 2242 709 2275 spectant,
732 2239 867 2266 consulto
889 2240 982 2266 omisi.
1023 2242 1155 2266 ceterum
1175 2239 1232 2266 hoc
1252 2239 1351 2266 statim
1371 2237 1437 2265 loco
1459 2244 1564 2264 moneo
1584 2244 1632 2265 me
1678 2254 1683 2266 1
1701 2256 1714 2278 3.

90 2288 121 2314 in
148 2288 321 2323 pronomine
346 2287 470 2315 relativo
497 2288 650 2315 tractando
677 2288 785 2314 formas
813 2288 993 2323 pronominis
1020 2289 1046 2321 ὁ,
1066 2290 1093 2323 ἠ,
1114 2287 1148 2314 τό
1169 2289 1199 2314 et
1219 2288 1260 2322 δ’ς,
1282 2287 1307 2322 ἥ,
1329 2287 1345 2313 ὅ
1371 2294 1430 2313 non
1455 2285 1632 2319 distinxisse,
1672 2308 1674 2311 ,

90 2335 141 2362 sed
163 2338 278 2361 tantum
299 2335 407 2362 formas
428 2344 446 2361 a
465 2335 564 2362 littera
585 2345 601 2362 τ
621 2336 800 2370 incipientes
821 2335 967 2361 asteriscis
987 2335 1183 2369 insignivisse.

207 2381 229 2417 ³)
250 2382 297 2409 De
318 2390 364 2409 vv.
381 2383 435 2409 299
457 2385 486 2409 et
506 2383 561 2410 505
582 2382 660 2409 infra
679 2391 774 2418 agam.
