1734 2492
0 0 53 49 Ξέἑῗ
65 3 152 57 ὄφρ’
166 6 229 53 ἑμὲ
249 4 551 52 γουνάσσωνταιῑ),
576 5 724 39 fortasse
746 4 852 38 etiam
869 16 903 38 v
923 3 991 37 793
1009 15 1085 50 sqq.
1111 1 1307 49 θυγατέρας
1332 0 1364 37 δ’
1381 0 1499 50 ἔκλῃζε
1527 28 1533 35 .
1563 27 1571 34 .
1595 27 1603 34 .

0 55 31 114 {3
40 64 58 99 A.

65 63 312 112 *Kal-udam.
375 60 466 112 ,ἠδ’
492 62 630 109 ἁπαλὴν
662 61 854 107 Μήδειαν.
878 89 887 96 .
910 88 931 105 .,
964 58 1046 108 ὄφρ’
1067 61 1109 96 ἂν
1142 59 1348 97 συνέποιντο
1382 60 1504 95 κιόντι.
1555 58 1605 93 ait

0 117 29 143 ς’
72 122 166 156 enim
181 121 219 156 II
239 121 292 164 17,
317 92 383 155 ubi
404 121 449 155 de
475 119 676 162 enuntiatis,
701 129 792 164 quae
816 119 1008 164 improprio
1035 130 1140 152 sensu
1165 117 1285 152 finalia
1311 116 1488 157 dicuntur,
1515 117 1604 161 agit:

72 177 173 214 ‘Hier
209 177 387 225 begegnet
418 188 484 212 uns
521 175 579 211 die
615 174 981 221 Eigenthfimlichkeit
1012 174 1071 210 bei
1109 173 1302 221 Antiphon,
1334 173 1416 209 dass
1453 185 1498 208 zu
1535 173 1605 208 den

5 269 7 272 ⁴
71 236 217 272 Verben
242 236 304 271 des
329 236 467 271 Bittens
492 235 591 277 ὅπως
614 234 704 268 tritt:
730 233 748 268 Ι
775 233 819 268 12
844 233 1016 277 αἰτεῖσθε,
1043 234 1141 276 ὅπως
1164 231 1479 281 καταψηφίσησθε,
1515 230 1533 266 Ι
1558 230 1605 266 23

71 293 242 342 δεήσεται,
269 293 367 336 ὅπως
391 292 441 340 δῷ
463 290 537 326 und
562 290 738 336 αἰτοῦμαι,
766 289 863 332 ὅπως
890 290 962 337 δῷ]
993 289 1062 324 hoc
1080 294 1176 324 certe
1201 290 1272 324 iam
1298 294 1381 323 ante
1406 289 1603 323 notandum

0 338 7 350 ’
72 356 159 395 erat,
186 362 268 386 cum
292 349 389 397 apud
406 349 603 384 Homerum
629 347 788 394 legamus
813 350 843 383 θ
860 347 931 382 344
955 346 1096 383 λίσσετο
1122 344 1154 382 δ’
1172 346 1241 382 αἰεὶ
1265 343 1479 394 ‘'Htpaw‘cov,
1506 346 1606 388 ὅπως

14 417 17 421 “
54 409 205 444 λύσειεν
228 404 388 454 ’Ἀρηα,ἳ)
420 405 516 451 apud
540 405 761 439 Herodotum
788 405 897 438 VIIII
924 404 989 438 117
1023 403 1164 439 ἐδέοντο
1188 410 1257 438 τῶν
1282 408 1491 451 στρατηγῶν,
1517 403 1607 446 ὅκως

20 468 23 508 j
72 465 241 511 ἀπάγοιεν
274 462 384 512 σφέας
421 460 554 506 ὀπίσω,
594 472 700 508 quem
730 460 849 496 locum
875 460 1014 496 Weber.
1047 460 1080 508 (I
1115 460 1198 507 136)
1233 471 1346 508 aeque
1380 461 1466 495 citat
1498 464 1605 507 atque

0 527 16 536 ·’
47 524 49 527 ’
74 521 128 568 (ΙΙ
154 521 213 568 13)
239 520 353 556 Thuc.
379 520 414 554 V
430 520 476 554 36
499 520 652 562 ἐδέοντο,
678 519 778 561 ὅπως
801 519 1080 565 παραδώσουσιν.
1112 518 1199 552 mihi
1224 518 1367 564 quidem
1392 518 1606 553 discriminis

5 586 8 587 ’
71 577 204 628 aliquid
229 576 449 612 intercedere
475 575 619 610 videtur
643 576 736 610 inter
761 574 982 610 deliberandi
1007 574 1065 609 vel
1092 574 1239 609 curandi
1257 574 1379 619 verba,
1406 574 1451 609 de
1476 574 1606 621 quibus

70 641 176 672 antea
200 635 337 671 Weber
361 634 474 670 verba
498 633 594 678 fecit,
626 639 661 668 et
686 633 869 680 precandi,
895 645 1011 679 neque
1037 634 1229 677 enuntiata,
1256 644 1346 679 quae
1371 632 1417 667 ab
1443 632 1498 667 his
1523 644 1606 679 pen-

4 702 8 705 '
72 693 168 738 dent,
192 692 458 737 interrogativis
488 692 651 737 proxima
676 702 753 724 esse
779 695 874 736 puto.
924 690 1010 724 talia
1035 690 1142 734 igitur
1167 691 1349 724 enuntiata
1373 690 1552 735 respicere
1578 689 1608 723 si

29 793 33 800 .
70 750 108 785 in
132 750 248 785 animo
282 753 368 791 erat,
395 748 532 784 Weber
564 759 642 783 meo
668 747 812 794 quidem
845 746 977 782 iudicio
1010 746 1113 782 aliter
1143 746 1323 794 explicare
1349 746 1483 788 debuit,
1516 757 1607 792 quae

71 808 254 843 enuntiata
287 807 372 841 huic
405 807 527 851 generi
561 805 800 840 adscribenda
833 810 960 840 essent.
1012 805 1178 851 equidem
1203 805 1288 839 satis
1323 805 1439 840 habeo
1465 816 1607 839 monere

72 862 231 898 Graecos
249 862 437 907 interdum,
456 861 552 909 quod
570 874 617 896 ex
634 861 808 908 exemplis
825 861 954 896 adlatis
972 862 1133 908 adparet,
1156 861 1348 908 particulas
1365 861 1490 895 finales
1511 860 1608 895 adhi-

71 920 202 965 buisse,
227 920 289 955 ubi
315 932 334 954 e
361 925 528 955 consueto
551 931 647 955 more
673 919 869 954 infinitivus
894 919 1196 970 ponendus⁴erat3
1225 918 1270 955 cf.
1289 919 1446 965 Vogrinz
1472 931 1507 965 p.
1526 917 1606 953 356.

27 998 29 1000 -
71 989 118 1012 ex
142 976 291 1023 Polybio
317 977 376 1011 Fr.
400 976 560 1011 Kaelker
569 978 596 1023 ³)
622 976 741 1023 aliqua
766 977 841 1012 eius
865 989 951 1011 usus
977 976 1142 1023 exempla
1167 976 1294 1022 adfert,
1321 977 1381 1022 qui
1405 988 1440 1022 p.
1467 975 1538 1009 280
1564 975 1608 1009 de

71 1034 246 1069 latinismo
272 1034 414 1080 cogitat.

184 1110 227 1144 In
252 1109 385 1153 tabula,
417 1122 486 1155 qua
512 1109 699 1145 modorum
724 1122 828 1145 usum
856 1110 1032 1145 illustrare
1059 1112 1226 1155 conabor,
1258 1111 1361 1145 huius
1393 1110 1608 1144 discriminis

70 1167 242 1202 rationem
275 1179 343 1201 non
376 1166 528 1211 habebo,
568 1178 649 1201 cum
675 1167 998 1213 Argonauticorum
1024 1168 1234 1214 scriptorem
1264 1167 1301 1202 id
1332 1167 1513 1202 curavisse
1539 1178 1607 1201 non

71 1223 252 1269 adpareat.
285 1224 426 1270 saepius
452 1236 558 1270 quam
583 1225 620 1258 in
644 1224 712 1259 hoc
737 1236 867 1270 genere
894 1225 1163 1268 enuntiatorum,
1190 1225 1235 1259 de
1260 1237 1329 1271 quo
1354 1224 1466 1259 fusius
1492 1224 1609 1270 dispu-

71 1280 235 1325 tavimus,
264 1293 323 1316 κεν
348 1285 383 1315 et
408 1281 450 1316 ἄν
475 1281 593 1327 posuit
616 1281 653 1315 in
677 1281 798 1325 altero,
825 1282 861 1315 in
887 1293 955 1328 quo
981 1293 1044 1316 eae
1070 1281 1266 1328 particulae
1290 1281 1386 1328 apud
1412 1282 1608 1316 Homerum

71 1338 270 1373 rarissimae
309 1343 409 1383 sunt3
461 1338 517 1373 cf.v
542 1337 679 1374 Weber
710 1338 729 1374 Ι
757 1338 813 1374 35.
872 1339 957 1374 item
989 1339 1082 1387 ὄφρα
1117 1338 1327 1386 plerumque
1360 1339 1397 1374 in
1434 1338 1606 1374 eiusmodi

71 1396 260 1430 enuntiatis
293 1395 433 1442 legitur,
468 1396 563 1443 quod
596 1397 693 1443 apud
726 1397 924 1431 Homerum
957 1397 1179 1443 paucissimis
1214 1396 1300 1431 locis
1331 1397 1527 1440 invenitur3
1562 1396 1608 1430 cf.

17 1487 19 1489 ,
69 1451 207 1486 Weber
230 1452 250 1487 Ι
273 1452 316 1487 61
337 1464 388 1499 sq.
415 1453 630 1488 indicativus
663 1453 772 1488 futuri
801 1454 838 1487 in
866 1454 1187 1499 Argonauticorum
1217 1454 1408 1488 enuntiatis
1438 1453 1606 1488 finalibus

71 1521 142 1544 non
158 1509 298 1556 legitur.

186 1586 292 1630 Quod
317 1587 362 1622 ad
380 1587 578 1623 Homerum
603 1588 749 1632 adtinet,
775 1589 811 1622 in
834 1587 902 1622 hac
927 1587 1049 1622 tabula
1065 1588 1221 1622 numeris
1239 1588 1356 1634 priore
1381 1588 1458 1623 loco
1483 1589 1606 1635 positis

72 1643 189 1678 omnia
214 1645 396 1680 enuntiata
422 1644 729 1692 comprehendam.
781 1646 841 1692 qui
866 1644 976 1680 altero
1001 1645 1078 1680 loco
1108 1645 1213 1691 positi
1239 1650 1320 1680 sunt
1344 1646 1483 1680 numeri
1508 1657 1606 1692 spec-

71 1704 147 1735 tant
180 1700 227 1736 ad
252 1714 304 1747 ea,
341 1714 432 1749 quae
458 1704 600 1750 proprio
631 1715 736 1738 sensu
761 1702 881 1737 finalia
906 1702 1080 1737 dicuntur.
1133 1702 1456 1749 Argonauticorum
1480 1715 1606 1738 versus

71 1757 122 1792 ita
147 1759 374 1803 enumerabo,
399 1765 438 1795 ut
454 1760 568 1807 primo
585 1760 663 1795 loco
679 1772 810 1806 ponam
832 1772 902 1805 eos,
936 1759 998 1794 ubi
1022 1761 1125 1795 metri
1151 1762 1363 1796 necessitate
1381 1760 1507 1797 modus
1533 1761 1606 1807 qui-

73 1815 155 1850 dam
180 1815 351 1862 firmatur,
386 1818 497 1853 altero
530 1830 601 1863 eos,
635 1817 696 1852 ubi
731 1817 872 1852 codices
898 1823 933 1852 et
957 1817 1110 1852 editores
1136 1819 1371 1863 consentiunt,
1404 1820 1508 1853 tertio
1534 1830 1605 1863 eos7

72 1873 132 1918 qui
157 1872 256 1908 dubii
282 1879 364 1909 sunt
388 1874 450 1922 (cf.
470 1874 607 1910 Weber
622 1874 773 1922 11114).
801 1880 886 1921 quot
911 1875 1077 1921 exempla
1102 1876 1137 1909 in
1157 1875 1406 1922 Argonauticis
1431 1876 1605 1921 legantur,

71 1931 228 1965 numeris
253 1931 422 1967 Romanis
447 1944 538 1978 quos
564 1937 695 1967 vocant
719 1932 907 1967 indicatur.

189 2133 210 2170 ²)
231 2133 304 2162 Eius
324 2144 412 2171 usus‚·
424 2145 483 2172 quo
504 2137 691 2163 enuntiatum
711 2135 801 2163 finale
821 2144 839 2162 a
858 2136 996 2172 primario
1017 2136 1185 2172 parenthesi
1205 2137 1379 2172 seiungitur‚
1400 2136 1508 2163 Weber
1527 2136 1606 2162 1169

75 2199 93 2218 e
113 2190 237 2219 Platone
258 2193 353 2221 adfert
373 2194 549 2230 exemplum.

188 2249 210 2285 ²)
232 2250 275 2278 cf.
297 2251 448 2278 Kuehneri
470 2260 591 2287 gramm.
612 2259 708 2287 graec.
722 2252 752 2278 Π
771 2253 788 2285 ξ
801 2252 856 2278 473
877 2260 905 2278 n.
920 2252 937 2278 6
957 2261 985 2288 p.
1000 2253 1055 2279 578
1070 2261 1111 2287 sq.

186 2306 209 2343 ³)
231 2307 350 2342 Quaest.
371 2308 408 2336 de
429 2308 502 2336 eloc.
525 2308 628 2345 Polyb.
651 2308 745 2344 (stud.
759 2309 838 2344 Lips.
854 2308 908 2344 111)
929 2319 955 2345 p.
970 2311 1035 2337 290.
