1714 2583
101 4 148 39 44
298 9 301 12 “
752 32 756 36 -
1176 0 1181 2 ·
1535 0 1714 59 essse}

103 108 208 144 aliam
242 121 431 155 personam
465 109 657 143 translatae
691 109 787 155 apud
825 114 948 155 poetas
983 109 1305 154 Argonauticorum
1343 109 1514 156 scriptore
1551 110 1637 144 anti-

103 168 244 214 quiores
270 166 467 202 nulla'fere
493 166 661 213 exempla
687 172 821 201 extare.
873 179 956 202 nam
982 166 1076 213 quod
1102 167 1327 212 Brugmanus
1352 178 1387 213 p.
1409 166 1451 201 18
1470 178 1522 213 sq.
1551 166 1636 208 Hes.
1689 174 1693 181 ·

102 236 158 270 op.
177 223 248 258 532
279 236 341 271 pro
373 222 410 260 οἳ
437 223 553 259 σκέπα
583 227 769 270 μαιόμενοι
799 224 941 271 scripsit
966 219 1004 260 οἷ
1020 252 1027 259 .
1047 252 1054 259 .
1072 224 1257 270 μαιόμενοι
1287 222 1371 270 (sibi
1396 223 1637 270 quaerentes),

102 281 354 328 Peppmueller
383 280 507 317 Philol.
534 280 759 316 XXXVIIII
792 280 861 316 393
894 286 992 317 recte
1017 281 1160 327 negavit
1191 292 1345 326 sensum,
1376 281 1437 328 qui
1462 293 1504 316 ea
1530 281 1637 328 scrip-

102 345 181 374 tura
215 339 378 382 efficitur,
414 339 579 373 sufficere
611 339 862 385 proposuitque
897 340 944 382 ὡς
961 367 969 374 .
990 368 997 375 .
1018 368 1025 375 .
1046 368 1052 375 .
1072 337 1178 384 ἔχωσι
1202 351 1223 374 a
1249 338 1405 373 Rzachio
1435 339 1471 373 in
1496 343 1637 373 textum

102 396 265 431 editionis
296 409 327 430 a.
354 395 446 431 1884
476 396 614 442 Pragae
648 397 798 431 emissae
832 401 1027 442 receptum.
1078 395 1131 432 ἑοί
1164 408 1247 431 sane
1281 395 1377 442 apud
1408 395 1636 442 Apollonium

101 453 158 487 III
183 452 229 487 99
261 465 325 499 pro
356 452 447 499 ἐμοί,
478 453 495 487 Ι
522 452 591 488 893
616 465 681 499 pro
707 452 765 489 σοι’
789 459 992 499 usurpatur,
1020 448 1057 489 οἷ
1080 459 1208 495 autem,
1243 453 1337 499 quod
1361 452 1418 487 111
1442 452 1465 487 5
1489 464 1553 499 pro
1578 464 1636 498 σοι

101 509 302 545 adhibitum
328 522 406 544 esse
433 509 616 545 Wellauer
640 511 677 545 in
702 510 819 545 indice
846 510 1062 556 observavit,
1092 523 1114 546 a
1143 510 1318 545 Merkelio
1347 509 1550 545 melioribus
1581 521 1636 545 60-

102 567 243 602 dicibus
269 580 332 603 uso
358 567 539 603 sublatum
566 573 629 602 est.
674 567 799 611 Quinti
823 568 931 613 locos,
958 568 1087 614 quibus
1113 569 1339 603 Hermannus
1364 563 1400 603 οἱ
1421 579 1486 614 pro
1508 566 1636 613 plurali

101 625 254 671 positum
280 625 421 671 putavit
447 625 496 671 (p.
517 624 586 659 799
604 625 691 671 sq.):
717 625 774 659 III
799 625 878 667 674,
899 625 978 670 736,
1005 626 1077 660 VII
1103 625 1183 669 364,
1209 625 1300 660 VIII
1325 619 1412 668 354,
1432 624 1534 659 aliter
1558 635 1635 658 esse

101 681 332 727 explicandos
359 682 523 717 concedit
540 682 723 728 Brugman
748 694 781 728 p.
802 682 859 725 34,
886 682 949 717 sed
975 695 1009 729 p.
1028 682 1074 717 82
1099 679 1134 718 οἱ
1158 684 1250 730 αὐτῷ
1268 682 1302 717 V
1318 681 1389 717 533
1415 694 1478 728 pro
1500 685 1634 729 σεαυτῷ

100 737 299 773 adhibitum
334 739 495 774 defendit
528 752 550 773 a
583 739 761 786 Spitzneri
797 740 1010 783 coniectura,
1046 751 1154 786 quam
1187 738 1350 785 Koechly
1386 739 1538 784 recepit:
1576 737 1635 773 σοὶ

100 797 205 842 αὐτῷ.
232 800 266 829 et
292 794 336 829 de
362 795 431 830 hoc
456 795 602 842 quidem
626 795 704 830 loco
730 795 886 831 dubitari
911 808 1017 842 posse
1043 796 1212 831 concedo.

213 852 291 887 Iam
324 852 521 888 Hei-manni
556 853 779 888 coniecturas
814 853 1031 889 enumerabo
1065 854 1125 899 ita,
1163 859 1202 888 ut
1234 865 1325 900 quae
1359 857 1481 887 contra
1514 851 1636 887 facere

99 909 186 943 mihi
211 910 379 945 videntur
410 911 528 945 statim
554 910 759 956 adiungam,
790 923 835 945 ne
861 910 907 945 ad
933 923 991 946 eos
1020 912 1118 946 locos
1145 911 1303 957 quaestio
1327 910 1444 945 redire
1475 915 1632 955 cogatur.

99 966 277 1001 nonnullis
303 979 389 1001 sane
413 967 511 1011 locis,
538 968 574 1002 in
592 967 714 1013 primis
741 967 945 1014 quindecim
962 967 1040 1011 illis,
1068 968 1197 1014 quibus
1216 967 1364 1002 Abelius
1385 967 1633 1002 Hermannum

100 1029 241 1057 secutus
268 1029 331 1068 cst,
358 1025 605 1070 repetitionem
631 1025 788 1070 effugere
818 1026 880 1059 vix
911 1025 1042 1060 licebit.
1094 1030 1251 1059 ceterum
1276 1037 1335 1058 vv.
1354 1024 1434 1069 303,
1451 1024 1534 1070 474,
1552 1024 1633 1069 731,

100 1080 180 1124 770,
201 1080 280 1125 778,
299 1080 379 1126 805,
399 1081 480 1126 816,
499 1081 581 1126 861,
600 1081 681 1125 866,
699 1081 780 1126 927,
799 1082 879 1126 938,
901 1082 1003 1128 1140,
1024 1082 1126 1126 1174,
1148 1081 1249 1126 1194,
1275 1081 1378 1126 1236,
1403 1080 1505 1125 1252,
1531 1080 1632 1124 1282,

102 1137 203 1182 1292,
225 1137 317 1172 1372
342 1137 435 1172 infra
460 1138 632 1174 tractabo.
646 1138 670 1185 ¹)

213 1194 254 1228 In
281 1206 314 1229 v,
334 1194 378 1229 68
406 1196 635 1229 Hermannus
666 1207 778 1241 aeque
808 1201 916 1241 atque
947 1197 983 1230 in
1009 1208 1068 1230 vv.
1087 1195 1167 1239 692,
1188 1195 1290 1239 1161,
1311 1194 1401 1229 1259
1427 1194 1573 1229 offendit
1597 1195 1634 1228 in

98 1250 274 1296 particula
307 1250 377 1286 καί.
429 1251 473 1285 (16
506 1251 573 1286 1106
604 1251 681 1287 1060
711 1265 781 1287 non
813 1264 895 1287 cum
921 1252 1051 1288 Wielio
1082 1252 1223 1294 faciam,
1255 1253 1315 1299 qui
1339 1251 1357 1286 I
1383 1251 1429 1286 20
1459 1251 1546 1286 dicit
1575 1250 1634 1286 illo

98 1307 158 1344 καί
184 1309 398 1344 ‘universam
425 1310 622 1345 sententiae
648 1311 822 1345 rationem
847 1310 976 1346 leniter
1000 1311 1214 1357 adaugendo
1240 1312 1440 1346 accuratius
1471 1309 1633 1355 definiri',

98 1367 227 1401 sedita
244 1366 339 1401 hunc
364 1367 481 1402 locum
509 1368 690 1413 explicare
717 1368 826 1403 malo:
855 1373 956 1414 ‘quae
983 1369 1134 1414 primam
1159 1368 1350 1403 fabricavit
1374 1379 1514 1409 navem,
1542 1378 1633 1414 quae

98 1425 212 1470 prima
237 1436 376 1470 quoque
403 1437 499 1459 mare
528 1431 733 1460 transvecta
763 1425 838 1460 est.'
889 1425 1042 1472 reliquos
1076 1431 1196 1461 autem
1225 1425 1321 1460 locos
1354 1430 1450 1460 recte
1481 1423 1634 1460 Wielius

98 1481 298 1527 explicasse
329 1482 486 1517 videtur:
523 1482 593 1517 692
626 1482 822 1530 (Orpheus
853 1485 913 1529 qui
945 1483 1038 1518 solus
1069 1483 1215 1527 sciebat,
1250 1487 1380 1529 quanto
1410 1483 1447 1516 in
1476 1481 1634 1528 periculo

96 1544 326 1573 versarentur
344 1539 584 1585 Argonautae,
612 1539 676 1574 soli
698 1541 800 1575 navis
823 1540 1053 1585 gubernatori
1076 1540 1120 1574 de
1143 1551 1185 1574 eo
1208 1540 1362 1583 dixerat3
1390 1539 1518 1574 deinde
1542 1550 1633 1574 com-

98 1595 202 1630 mode
228 1596 391 1642 procedit
416 1598 544 1631 oratio:
578 1596 636 1631 hic
662 1598 769 1631 etiam
795 1610 838 1632 ea
865 1609 946 1632 cum
971 1597 1122 1641 audiret,
1153 1597 1297 1631 horrore
1325 1609 1514 1643 percussus
1540 1596 1634 1643 est’),

101 1653 189 1687 1161
222 1652 282 1688 καὶ
307 1659 366 1688 νῦν
397 1653 519 1700 (‘nunc
546 1655 652 1689 etiam
678 1653 761 1702 [iam
786 1654 947 1701 perfecto
971 1653 1148 1701 labores),
1182 1653 1273 1689 1259
1303 1653 1367 1701 (‘et
1391 1653 1550 1701 profecto
1575 1653 1635 1689 vel

97 1711 257 1756 peritura
282 1716 359 1745 erat
377 1711 527 1758 Argos).
554 1733 600 1738 —
626 1725 659 1746 v.
678 1711 748 1747 223
774 1714 882 1757 αὐτὰρ
908 1712 951 1759 δή
975 1712 1012 1746 in
1037 1713 1146 1758 αὐτάρ
1171 1707 1205 1746 οἱ
1230 1711 1389 1746 mutandi
1414 1723 1521 1747 causa
1537 1711 1634 1746 nulla

98 1773 184 1802 erat.
228 1767 449 1803 Guttmanno
484 1781 570 1802 sane
603 1774 709 1803 teste·
726 1769 757 1803 R
788 1766 822 1804 οἱ
853 1769 1003 1815 praebet
1035 1768 1142 1815 (haec
1173 1768 1267 1802 enim
1297 1768 1443 1803 adnotat
1473 1768 1519 1803 ad
1544 1769 1633 1804 Her-

96 1826 218 1860 manni
244 1826 472 1872 scripturam:
508 1828 628 1873 ιαύτὰρ
655 1827 697 1874 δή
723 1826 903 1868 VoWL').
955 1825 1051 1873 quod
1082 1826 1111 1861 si
1140 1830 1238 1861 recte
1269 1838 1306 1860 se
1336 1825 1454 1871 habet,
1486 1825 1633 1861 difficile

98 1895 184 1916 sane
211 1888 264 1916 est
290 1882 335 1917 de
361 1883 466 1918 huius
491 1883 560 1917 loci
586 1885 764 1930 scriptura
789 1884 959 1929 iudicare,
990 1883 1200 1929 praesertim
1226 1894 1307 1917 cum
1333 1888 1412 1929 post
1436 1883 1532 1918 hunc
1557 1895 1633 1918 ver-

97 1951 175 1974 sum
208 1938 337 1974 lacuna
370 1940 475 1975 unius
510 1952 635 1976 versus
666 1941 857 1976 statuenda
888 1952 966 1976 esse
997 1940 1172 1975 videatur.
1223 1940 1258 1974 in
1283 1939 1317 1975 V
1343 1940 1384 1989 δή
1415 1940 1555 1988 legitur.
1586 1962 1633 1966 —

96 2010 129 2032 V.
156 1996 226 2031 285
258 1997 487 2033 Hermannus
517 2011 630 2044 aeque
660 2004 768 2045 atque
788 2000 835 2033 ‘in
866 2011 924 2033 VV.
950 1998 1031 2042 473,
1057 1997 1136 2042 816,
1161 1997 1240 2044 846,
1264 1998 1330 2032 927
1362 2011 1427 2045 pro
1452 2009 1510 2034 κεν
1533 1994 1632 2045 repo-

96 2055 165 2088 suit
191 2051 235 2090 οἶ.
287 2055 354 2089 1106
385 2055 462 2089 1060
493 2067 557 2101 pro
587 2054 643 2091 ὅτι
673 2068 730 2090 κεν
759 2055 857 2102 ῥέξαι
888 2055 988 2090 dedit
1018 2055 1040 2090 ὅ
1061 2067 1096 2090 τι
1122 2052 1157 2090 οἳ
1182 2054 1282 2102 ῥέξει,
1314 2055 1419 2102 ‘quod
1451 2061 1486 2090 et
1515 2057 1633 2102 ipsum

95 2112 124 2146 si
157 2111 337 2157 legeretur
372 2112 562 2147 obscurum
597 2118 692 2148 esset
709 2139 829 2148 .....
873 2114 995 2159 itaque
1029 2112 1219 2158 legendum
1256 2117 1309 2147 est
1338 2111 1360 2148 ὅ
1387 2126 1423 2148 τι
1453 2113 1511 2149 δεῖ
1536 2111 1633 2160 ῥέξαι

212 2264 232 2301 ¹)
253 2266 298 2292 De
319 2274 365 2292 vv.
385 2267 446 2301 184,
462 2267 528 2300 324,
542 2267 606 2299 677,
622 2267 677 2293 680
698 2267 745 2301 egi
764 2274 851 2302 supra
872 2275 898 2302 p.
916 2266 981 2300 267,
1002 2265 1038 2292 de
1058 2275 1084 2293 v.
1101 2267 1155 2293 649
1176 2277 1203 2303 p.
1219 2269 1283 2301 ⁶363,
1304 2267 1340 2294 (16
1360 2276 1387 2294 v.
1404 2267 1457 2293 717
1472 2276 1498 2302 p.
1510 2267 1575 2300 243,
1596 2266 1632 2294 de

94 2322 121 2339 ν.
144 2314 199 2340 846
220 2323 247 2349 p.
263 2314 327 2347 278,
349 2314 384 2341 (16
405 2323 432 2340 v.
454 2315 526 2341 1162
548 2324 575 2350 p.
591 2315 654 2341 268,
681 2330 716 2334 -
743 2314 779 2341 (16
799 2324 826 2343 v.
848 2315 904 2341 518
925 2314 960 2341 cf.
977 2322 1004 2342 v,
1019 2315 1083 2347 414,
1104 2314 1140 2341 de
1160 2324 1186 2342 v,
1202 2316 1257 2342 692
1279 2315 1313 2342 cf.
1329 2324 1355 2341 v.
1372 2315 1416 2348 68,
1443 2314 1480 2341 (16
1502 2314 1574 2351 1025
1595 2314 1631 2343 cf.

94 2362 159 2394 977,
181 2361 217 2387 (16
241 2362 313 2388 1116
335 2361 369 2388 cf.
386 2363 450 2395 522,
472 2362 508 2389 (16
531 2363 600 2389 1161
625 2362 662 2389 cf.
677 2363 722 2396 68,
744 2362 780 2390 de
805 2363 885 2397 1177,
903 2362 1073 2396 1203,1225
1094 2362 1130 2390 cf.
1146 2363 1210 2397 414,
1231 2363 1267 2391 de
1290 2364 1361 2390 1259
1382 2362 1418 2390 cf.
1434 2363 1479 2397 68,
1500 2362 1536 2390 de
1559 2363 1631 2390 1312

94 2409 129 2436 cf.
146 2410 209 2436 522.
