1734 2492
34 28 197 77 r-‘Wielius
222 36 256 84 (I
280 35 326 71 26
351 35 420 82 sq.)
445 35 500 70 his
525 34 662 70 verbis:
697 35 804 83 ίδινειρή
828 62 835 70 .
860 63 867 70 .
899 40 933 70 et
957 37 1064 84 αὐχήν
1088 37 1139 70 sic
1169 34 1381 82 plerumque
1416 36 1508 69 inter
1542 46 1580 68 se

19 92 22 94 ¹
47 94 226 138 differunt,
256 98 295 128 ut
320 92 408 138 illud
434 92 574 135 collum,
600 91 668 126 hoc
693 93 925 137 posteriorem
940 98 1087 139 partem
1113 92 1193 127 colli
1218 92 1411 138 significet3
1446 92 1581 127 bestias

0 138 6 144 .
48 157 167 190 autem
197 161 318 185 somno
350 153 472 195 captas
501 149 553 183 ita
582 148 657 182 fere
687 149 815 193 iacere,
850 154 888 183 ut
918 154 1025 197 caput
1056 150 1186 185 cervici
1217 150 1399 197 imponere
1434 148 1580 193 soleant,

50 209 137 245 collo
162 207 252 243 adeo
276 211 418 251 retorto,
447 211 487 240 ut
511 205 579 240 hoc
603 206 719 252 ipsum
745 207 781 240 in
808 207 948 241 cervice
973 207 1182 242 recumbere
1208 207 1384 251 videatur,
1416 205 1581 242 omnibus

50 265 209 301 constat’.
253 264 455 297 coniectura
480 263 588 307 igitur
612 274 700 308 opus
725 274 795 297 non
821 268 883 298 est.
925 263 1153 298 Hermannus
1180 264 1209 300 δ.
1229 264 1267 299 δὲ
1292 263 1332 298 τέ
1357 260 1392 299 οἱ
1417 262 1523 307 χθονὶ
1549 263 1579 298 δ.

50 322 207 368 scripsit3
242 318 392 362 Sitzleri‚
427 319 487 364 qui
520 330 583 365 pro
616 317 759 366 φολίσιν
791 320 973 365 proposuit
997 319 1155 368 χθονίην,
1190 321 1395 355 coniectura
1428 324 1580 365 accepta

51 377 225 426 quomodo
254 373 345 424 ἀμφ’
366 375 483 420 αὐχένι
514 375 687 421 explicari
716 377 827 423 possit
856 389 927 411 non
957 377 1071 412 video.
1104 398 1147 403 -
1179 390 1213 412 v.
1233 377 1325 412 1065
1350 376 1469 412 Wielii
1501 388 1580 410 con-

50 437 186 471 iectura
214 433 248 480 (I
276 432 335 479 13)
366 434 475 479 αὐτὰρ
500 432 758 479 ἐπειγομένοισι
784 432 903 480 (codd.
927 433 1101 480 praebent
1125 436 1232 481 αὐτὰρ
1256 433 1337 469 ἐπεὶ
1361 435 1424 480 μὲν
1447 432 1580 480 τοῖσιν)

50 493 154 539 longe
187 495 345 538 praestat
369 489 567 524 Hermanni
593 495 806 525 commento:
841 493 949 537 αὐτάρ
982 487 1017 527 οἱ
1052 493 1217 539 Μινύησι.
1252 501 1300 516 -’
1330 503 1364 525 v.
1391 490 1483 525 1124
1516 502 1581 537 pro

52 549 156 585 codd.
183 548 357 593 scriptura
386 543 549 589 ἀντολῖας
578 543 742 592 εἷ’ργουσ’·
776 547 991 583 ἐπικέκλῖται
1027 548 1064 583 δὲ
1097 548 1235 594 πελώρη
1269 548 1508 587 Hermannus‚
1543 553 1583 581 ut

52 609 204 640 metrum
230 604 442 647 restitueret,
474 603 629 648 scripsit:
660 601 722 638 ἔπι
752 597 789 639 οἷ
811 603 977 639 κέκλιται.
1004 603 1154 639 Wielius
1179 604 1197 638 I
1223 603 1266 638 27
1293 605 1475 650 proposuit
1499 605 1582 639 ἐπι-

51 661 232 709 κρέμαται,
267 660 361 707 quod
395 665 434 694 ut
468 671 574 694 sensu
604 664 728 706 aptum
757 661 807 695 ita
835 665 958 706 utpote
987 660 1127 706 longius
1160 661 1331 695 recedens
1361 673 1382 695 a
1411 660 1581 695 librorum

53 718 214 765 apicibus
239 728 464 763 nequaquam
489 716 675 763 probabile
701 721 765 751 est.
815 718 979 763 proxime
1009 717 1055 751 ad
1081 716 1184 752 codd.
1210 717 1416 752 memoriam
1441 717 1585 752 accedit

54 774 259 811 Schenkelii
289 774 508 808 coniectura:
538 773 726 820 εἴργουσιν·
757 773 998 820 ἐπεγκὲκλιται
1029 773 1083 817 δέ;
1116 775 1153 809 in
1182 786 1223 809 eo
1255 775 1359 818 enim,
1391 774 1485 821 quod
1515 774 1583 809 hoc

55 832 206 867 verbum
244 831 340 877 apud
379 835 502 876 poetas
535 842 605 865 non
637 830 708 877 legi
741 831 882 866 videtur
915 831 1032 878 (extat
1064 831 1161 877 apud
1194 830 1372 866 Galerium
1407 830 1476 866 vol.
1509 831 1585 865 IIII

55 901 89 935 p.
117 887 173 933 38,
202 887 273 933 15),
307 887 527 922 haerendum
560 900 630 922 non
664 900 740 923 esse
773 893 869 934 puto,
904 889 1114 935 praesertim
1149 901 1230 923 cum
1263 888 1584 934 Argonauticorum

56 946 206 992 scriptor
220 947 303 980 satis
315 944 536 980 adamaverit
550 945 661 981 verba
675 945 730 980 bis
744 947 950 993 composita.
965 946 988 993 ¹)
1006 959 1041 981 v,
1056 946 1147 981 1223
1161 946 1317 992 ἅμπισχε
1331 967 1376 971 ——
1391 947 1440 980 ita
1455 945 1585 981 Schen-

56 1002 171 1037 kelius
202 1002 356 1037 correxit
383 1001 502 1036 Wielii
529 1002 582 1048 (II
607 1002 644 1048 8)
676 1003 916 1045 coniecturam
946 1004 1103 1051 ἅμφισχε
1132 1024 1177 1028 -
1207 1008 1364 1049 praestat
1390 1003 1586 1038 Hermanni

57 1064 253 1094 commento
271 1058 311 1094 δέ
328 1055 363 1094 οἱ
379 1056 460 1103 ἔσχε
479 1059 598 1105 (codd.
618 1057 650 1095 δ’
666 1056 773 1106 ἔσχε).
801 1080 844 1085 —
873 1072 905 1095 V.
928 1060 1019 1094 1245
1043 1072 1107 1107 pro
1135 1060 1238 1095 codd.
1266 1061 1442 1106 scriptura
1468 1060 1589 1102 δαιτὸς

58 1114 90 1152 δ’
106 1116 244 1152 ἐδεύετο
271 1117 385 1162 θυμός
409 1115 636 1151 Hermannus
662 1116 761 1151 dedit
786 1117 906 1159 δαιτὸς
931 1116 970 1152 δέ
995 1114 1030 1152 οἳ
1054 1118 1128 1152 ἵετο
1155 1119 1210 1161 θ.,·
1241 1117 1366 1152 melior
1396 1123 1450 1151 est
1481 1118 1589 1162 scrip-

57 1178 137 1207 tura
166 1172 313 1218 vulgata
343 1172 464 1215 δαιτὸς
493 1174 555 1219 γὰρ
584 1173 734 1209 ἐδεύετο.
766 1194 812 1198 —-—
843 1186 876 1209 V.
903 1173 995 1213 1270
1024 1174 1253 1209 Hermannus
1278 1186 1342 1220 pro
1374 1175 1415 1221 δὴ
1440 1175 1521 1210 τότε
1546 1174 1590 1221 δή

58 1231 215 1275 reposuit
246 1230 287 1277 δὴ
318 1231 400 1265 τότε
429 1226 479 1274 οἷς
509 1231 623 1276 possis
655 1231 761 1265 etiam
790 1236 965 1277 temptare
991 1231 1051 1266 καὶ
1075 1232 1156 1266 τότε
1181 1231 1235 1279 δή.
1271 1230 1330 1266 καὶ
1359 1232 1453 1266 enim
1485 1230 1590 1265 facile

59 1286 159 1321 abire
192 1288 306 1333 potuit
335 1287 373 1320 in
403 1300 434 1334 η,
469 1287 564 1321 unde
595 1288 797 1322 coniectura
828 1292 943 1322 ortum
974 1293 1028 1322 est
1059 1288 1111 1335 δή.
1147 1309 1190 1313 -
1225 1300 1259 1321 v.
1282 1287 1370 1322 1281
1398 1287 1590 1322 Schraderi

58 1341 119 1378 καί
143 1345 186 1390 ῥα
210 1342 400 1391 καταΐγδην
430 1344 593 1390 praefero
619 1344 817 1379 Hermanni
848 1345 1074 1380 coniecturae
1104 1344 1165 1380 καί
1188 1346 1232 1391 ῥά
1257 1341 1292 1380 οἱ
1317 1343 1439 1393 ἀίγδην
1469 1344 1589 1392 (codd.

59 1398 91 1447 ῥ’
108 1399 262 1448 ἀίγδην),
293 1400 515 1436 Rosenboom
541 1414 574 1447 p.
598 1401 643 1435 96
670 1401 807 1436 confert
832 1401 948 1449 Apoll7
975 1402 993 1436 1
1019 1402 1075 1446 64,
1101 1401 1214 1448 Orph.
1240 1402 1334 1437 Lith.
1361 1401 1442 1436 508.
1472 1423 1513 1427 -
1547 1401 1591 1435 de

60 1469 94 1491 v.
115 1456 206 1491 1296
233 1457 277 1492 cf.
297 1457 381 1501 9773
406 1459 444 1492 in
468 1458 643 1493 addendis
661 1459 887 1494 Hermannus
914 1456 946 1494 δ’
963 1456 1018 1503 ἄρ’
1036 1459 1261 1493 retinendum
1279 1471 1357 1493 esse
1381 1460 1526 1494 censuit.
1549 1480 1589 1484 —

63 1512 108 1548 de
132 1526 166 1549 v.
187 1514 276 1550 1307
299 1515 349 1550 cf.
369 1514 436 1549 977
463 1521 498 1550 et
522 1515 692 1551 Wielium
717 1515 736 1550 I
761 1515 818 1560 29,
845 1517 905 1563 qui
930 1515 1115 1562 apodosim
1141 1515 1346 1562 incipere‘a
1371 1516 1482 1551 verbo
1509 1518 1592 1563 Μη-

64 1569 159 1619 δείης
187 1578 284 1606 recte
317 1572 448 1607 docuit.
483 1593 528 1598 -—
562 1578 748 1618 praeterea
778 1573 1006 1607 Hermannus
1041 1573 1180 1607 duobus
1213 1573 1300 1607 locis
1334 1572 1592 1607 Schneiderum

63 1624 99 1662 οἳ
128 1634 384 1674 proponentem
416 1635 559 1664 secutus
590 1634 657 1664 est:
692 1629 738 1664 63
767 1631 788 1676 ἡ
819 1628 859 1665 δέ
888 1626 923 1665 οἳ
952 1630 1122 1676 εὐχωλῇσι
1148 1629 1308 1677 (οοάἀ.ὴ
1334 1630 1371 1665 δὲ
1397 1628 1498 1674 παρ’,-
1529 1630 1593 1664 sed

63 1684 167 1731 longe
192 1691 350 1732 praestat
375 1686 494 1722 Wielii
521 1687 723 1722 coniectura
748 1686 769 1735 ἢ
795 1683 828 1723 δ’
844 1686 939 1734 ὂίφαρ
964 1686 982 1721 Ι
999 1686 1061 1733 20)
1087 1692 1122 1721 et
1150 1686 1215 1721 177
1244 1686 1305 1734 (cf.
1327 1699 1359 1722 v.
1378 1687 1477 1732 522).

179 1742 270 1777 Cum
301 1755 441 1788 magna,
476 1749 514 1777 ut
544 1744 742 1778 Hermanni
774 1749 855 1778 utar
885 1744 1002 1778 verbis
1033 1743 1083 1790 (p.
1108 1743 1204 1790 792),
1232 1744 1347 1778 ‘huius
1377 1745 1594 1790 pronominis

65 1798 280 1846 ambiguitas
314 1802 358 1835 sit
390 1800 509 1837 multis
541 1802 578 1836 in
603 1799 739 1848 Orphei
771 1800 881 1846 locis’,
914 1801 1066 1848 primum
1099 1800 1193 1836 locos
1223 1802 1258 1835 in
1290 1801 1431 1847 singula
1460 1813 1593 1847 genera

66 1856 271 1893 distributos
297 1870 491 1906 proponam
516 1860 576 1903 ita,
601 1865 641 1894 ut
666 1871 736 1903 eos,
763 1860 823 1905 qui
848 1858 895 1893 ad
924 1858 1016 1905 quod
1042 1870 1155 1904 genus
1186 1859 1389 1905 pertineant
1417 1859 1594 1893 incertum

67 1919 131 1959 est,
161 1916 262 1950 uncis
291 1915 485 1961 includam,
517 1915 646 1951 deinde
677 1916 730 1961 iis,
762 1927 853 1963 quae
883 1915 930 1950 ad
959 1916 1126 1951 universa
1156 1927 1289 1961 genera
1313 1916 1503 1962 pertinent,
1535 1927 1595 1950 ex-

66 1972 189 2018 positis
219 1985 387 2009 versuum
412 1973 570 2009 ordinem
597 1978 739 2008 secutus
765 1974 810 2008 de
835 1973 981 2019 singulis
1005 1973 1091 2008 locis
1116 1985 1232 2019 agam.
1271 1985 1405 2016 versus,
1442 1972 1486 2007 de
1513 1985 1595 2019 quo-

66 2041 146 2064 rum
171 2031 346 2077 scriptura
371 2030 554 2066 dubitatur
577 2051 624 2056 ——
650 2036 731 2066 sunt
755 2032 791 2078 ii,
817 2030 946 2078 quibus
972 2031 1168 2066 Hermanni
1195 2032 1419 2066 coniecturae
1444 2031 1596 2077 proban-

68 2085 135 2121 dae
160 2099 239 2122 esse
264 2088 431 2123 videntur
454 2109 501 2114 —
526 2089 704 2123 asteriscis
729 2088 900 2134 adpositis
926 2079 1144 2133 significabo.

183 2182 205 2219 ¹)
227 2184 270 2213 Of.
285 2185 549 2223 ἄποπροθορόντες
564 2186 628 2219 450,
643 2186 707 2219 545,
728 2184 991 2222 ἀποπρολιποῢσαι
1005 2185 1059 2211 263
1075 2184 1102 2218 (e
1117 2184 1215 2219 coni),
1236 2184 1421 2221 ἀποπροέηκε
1440 2185 1522 2218 1211,
1536 2184 1596 2211 εἰσ-

38 2245 41 2248 ·
69 2232 233 2266 αναβάντες
247 2234 313 2267 553,
333 2232 559 2271 ἐκπροθορόντα
573 2234 637 2267 346,
659 2231 846 2269 ἐκπρολιπών
859 2234 906 2267 48,
922 2234 985 2266 153,
1000 2233 1065 2266 206,
1086 2226 1331 2269 ἐκπροφυγόντος
1349 2233 1412 2265 701,
1433 2231 1465 2258 ἐκ
1486 2230 1514 2258 δ’
1528 2232 1598 2259 ἀνέ-

69 2287 147 2315 φηνε
164 2280 246 2314 1357,
267 2279 454 2315 (ἐξυπάλυξις
467 2280 545 2315 684),
566 2279 803 2316 ἔπαμπήξασθαι
816 2280 881 2314 319,
903 2278 1079 2310 ἐπαντείνας
1093 2280 1139 2313 61,
1154 2280 1219 2313 332,
1245 2278 1419 2316 ἐπιπροέηκε
1442 2280 1509 2313 361,
1533 2278 1598 2306 ἐπι-

70 2328 244 2364 προθέουσα
268 2329 349 2364 1080,
374 2329 577 2366 προπροθέειν
600 2329 681 2363 1257,
706 2328 906 2365 συμπροχέων
926 2329 993 2362 575,
1017 2327 1196 2364 ὑπεγκλίνας
1223 2329 1303 2361 1205,
1328 2326 1526 2364 ὑπεξεπέρησε
1552 2329 1599 2357 69.
