1734 2492
14 3 156 67 plum
179 10 338 46 locorum
362 8 462 43 velut
485 9 518 43 Β
542 6 589 42 22
619 5 785 53 Νέστορι,
814 7 876 43 τόν
908 9 951 54 ῥα
975 7 1129 53 μάλιστα
1163 7 1332 52 γερόντων
1364 3 1416 41 τῖ’
1438 1 1589 51 Λγαμὲ-

21 67 167 114 μναῖν·
190 67 266 114 Ιτῷ
299 78 359 111 μιν
386 65 588 110 ἐεισάμενος
610 66 834 110 προσεφώνεε
866 66 968 106 θεῖος
1001 64 1132 109 ὄνειρος
1166 63 1226 110 (cf.
1245 66 1280 97 Z
1301 62 1387 109 398)
1421 61 1507 96 illud
1538 66 1588 108 τῷ

23 135 122 172 pro
147 122 426 160 demonstrativo
450 120 593 157 habere.
620 120 665 155 de
689 132 724 155 V.
743 119 812 155 546
836 120 931 156 infra
955 132 1070 167 agam.
1097 119 1231 155 accedo
1256 119 1303 154 ad
1328 132 1363 155 v.
1383 119 1452 153 762

526 204 651 242 αὐτίκα
675 201 711 241 οἱ
735 205 907 253 στέφανος
930 205 990 242 καὶ
1013 209 1128 251 τεῖχος
1151 206 1295 253 ἐρυμνὸν

321 270 386 299 762
412 265 561 312 Αἰήτεω
585 261 773 312 κατέφαινε
798 262 858 300 καὶ
882 264 1005 300 ἄλσεα·
1030 267 1106 307 τοῖς
1130 262 1181 299 ἔνι
1205 268 1297 307 κῶας

412 322 557 368 χρύσεον
579 322 717 369 ᾐώρητο
741 320 911 370 χαλαζαὶῃ
935 320 998 356 ἐπὶ
1022 326 1132 369 φηγῷ.

57 408 153 456 quod
177 407 223 443 ad
249 407 528 454 praepositiones
555 417 637 440 cum
662 406 869 451 pronomine
900 406 1176 441 demonstrativo
1207 407 1412 441 coniunctas
1437 405 1585 448 adtinet,

1 455 9 501 ζ
56 465 208 512 legimus
234 463 277 501 αὖ
301 466 389 511 μετὰ
412 467 528 500 τοῖσιν
546 462 643 511 (146,
665 462 759 510 192),
785 460 818 498 τ’
834 462 896 499 ἐπὶ
919 466 1014 499 τοῖσι
1032 462 1146 510 (756),
1172 463 1210 498 ἐν
1234 460 1267 499 δ’
1284 463 1350 510 ἄρα
1374 467 1455 510 τῇσι
1474 460 1587 508 (898),

55 525 150 559 τοῖσι
176 519 209 558 δ’
226 519 282 568 ἄρ’
298 522 335 557 ἐν
359 523 551 557 πάντεσσιν
576 520 688 567 (806).
739 532 809 555 uno
834 521 942 566 igitur
965 520 1053 566 loco,
1087 520 1185 555 illum
1212 520 1302 565 dico,
1329 531 1435 567 quem
1461 524 1587 553 tracta-

56 591 146 624 mus,
181 578 398 625 praepositio
431 578 628 624 postposita
662 581 729 621 est3
765 577 828 612 sed
858 576 948 612 haec
974 589 1083 612 causa
1107 589 1178 612 non
1202 576 1336 612 sufficit
1359 577 1405 611 ad
1430 577 1504 610 vim
1530 575 1587 609 de—

57 635 327 671 monstrativam
356 633 590 678 reiciendam3
625 633 815 669 relativum
846 634 940 668 enim
970 634 1185 680 praepositio
1216 633 1550 680 εεηιρθι·“εεῳιίῒιιι·.
1563 633 1588 675 ¹)

26 731 31 735 ,
57 691 155 739 apud
180 691 379 725 Homerum
413 702 553 737 quoque
586 702 665 725 raro
699 695 780 737 post
811 690 1130 725 demonstrativum
1155 690 1368 737 anastrophe
1393 690 1590 724 admittitur

32 762 35 765 ⁴
57 748 93 797 (ζ
115 748 172 792 46,
199 760 219 784 ο
247 747 324 790 147,
351 749 393 784 Λ
418 747 474 793 36,
500 750 533 783 P
551 746 638 796 459)
672 752 708 784 et
740 747 837 795 apud
867 747 1097 796 Apollonium
1129 752 1285 795 aequant
1318 746 1393 782 fere
1426 747 1518 782 inter
1551 757 1588 781 se

56 807 194 842 numeri
219 806 388 848 locorum,
424 806 553 852 quibus
579 807 793 852 praepositio
818 806 1013 853 praecedit,
1048 806 1158 841 veluti
1183 806 1202 840 I
1226 805 1284 850 40,
1305 805 1382 847 115,
1402 805 1482 849 656,
1516 805 1589 850 qui-

0 878 2 881 ’
56 863 195 909 busque
220 863 388 908 sequitur,
415 863 525 897 veluti
550 863 568 896 Ι
593 863 650 908 53,
669 863 725 909 90,
744 863 806 907 953
833 863 935 897 vides
959 864 1076 909 igitur,
1112 875 1218 910 quam
1253 862 1398 897 difficile
1424 863 1469 895 sit
1497 861 1590 895 hanc

57 931 133 956 rem
158 919 366 955 diiudicare.

175 977 348 1012 Venimus
372 977 419 1011 ad
444 977 540 1012 locos
567 989 675 1023 supra
701 983 1005 1021 commemoratos,
1032 978 1093 1012 ubi
1119 977 1294 1022 particula
1318 979 1362 1022 ῥα
1387 976 1510 1010 addita
1527 981 1590 1010 est.

55 1034 91 1068 in
117 1045 176 1068 vv.
195 1033 263 1068 237
293 1033 372 1082 (τήν
396 1035 456 1081 ῥα)
489 1038 524 1068 et
557 1033 648 1068 1070
674 1032 732 1083 (τῇ
757 1034 818 1082 ῥα)
854 1046 1047 1081 pronomen
1082 1034 1358 1069 demonstrative
1392 1032 1592 1068 adhibitum

60 1103 137 1126 esse
161 1097 307 1138 propter
333 1092 587 1127 sententiarum
613 1104 790 1127 conexum
816 1094 901 1127 mihi
928 1092 1078 1128 videtur.
1130 1092 1225 1127 idem
1255 1091 1351 1127 valet
1382 1091 1427 1125 de
1452 1104 1486 1125 v,
1511 1090 1591 1133 803,

57 1149 86 1182 si
112 1160 194 1182 cum
219 1147 434 1182 Ruhnkenio
464 1160 529 1194 pro
558 1147 618 1183 καί
646 1150 690 1194 ῥα
714 1146 789 1184 τότ’
815 1149 1004 1183 scribimus
1033 1147 1182 1194 (Ἀργώ)
1208 1149 1271 1195 τήν
1295 1150 1339 1194 ῥα
1363 1144 1439 1182 τότ’
1451 1147 1593 1195 Αἰήτης

57 1201 251 1253 ἐσέδρακεν.
294 1210 329 1240 et
355 1217 436 1241 cum
460 1204 611 1241 verbum
636 1204 861 1254 εἷσδέρκομαι
885 1205 1046 1242 absolute
1072 1218 1142 1241 non
1159 1210 1350 1253 usurpetur
1372 1210 1409 1240 et
1433 1205 1474 1240 iis
1502 1216 1592 1252 quae

57 1268 254 1308 sequuntur
272 1263 327 1308 (ἐν
344 1260 377 1299 δ’
394 1264 461 1309 ἄρα
478 1264 631 1306 πολλοὺς
653 1263 765 1310 ἑξείης
788 1266 902 1311 ἥρωας
898 1264 918 1309 )
947 1265 1049 1298 navis
1068 1265 1201 1298 mentio
1219 1264 1394 1308 exigatur,
1421 1264 1457 1296 in
1475 1262 1594 1296 Ruhn-

57 1319 153 1353 kenii
185 1320 390 1354 coniectura
415 1320 579 1366 quamvis
612 1319 768 1355 violenta
801 1320 1005 1368 adquiesco.
1056 1333 1090 1355 v.
1117 1320 1208 1355 1053
1233 1332 1267 1367 p.
1287 1319 1357 1354 249
1389 1318 1433 1353 de
1459 1331 1496 1353 re
1523 1330 1592 1353 me-

57 1378 149 1412 trica
179 1389 289 1424 agens
320 1378 420 1423 tetigi
453 1383 488 1412 et
513 1377 589 1413 dixi
614 1383 676 1413 aut
700 1380 762 1414 τὸν
787 1376 818 1415 δ’
837 1378 903 1426 ἄρα
928 1383 990 1414 aut
1014 1379 1075 1415 τόν
1099 1381 1143 1425 ῥά
1167 1391 1205 1414 τε
1231 1377 1478 1425 reponendum
1508 1376 1591 1412 mihi

56 1435 183 1469 videri.
211 1446 361 1480 quorum
387 1434 454 1468 hoc
479 1436 593 1480 magis
618 1435 746 1481 placet,
774 1436 868 1481 quod
894 1437 1113 1470 enuntiatum
1139 1436 1325 1469 relativum
1350 1435 1482 1480 requiri
1507 1440 1592 1480 puto

57 1490 104 1527 ad
130 1491 326 1539 Sarangem
354 1491 639 1528 describendum.
687 1497 846 1528 ceterum
870 1505 941 1529 non
965 1492 1115 1528 multum
1140 1493 1296 1539 interest,
1330 1504 1416 1527 num
1441 1491 1509 1527 hoc
1534 1491 1592 1527 vel

58 1549 117 1584 illo
150 1550 227 1585 loco
260 1562 455 1596 pronomen
490 1550 679 1585 relativum
713 1563 789 1586 esse
816 1551 1046 1597 statuatur32)
1080 1564 1162 1586 nam
1188 1552 1327 1597 saepius
1352 1550 1486 1585 formae
1516 1563 1592 1596 pro-

172 1646 193 1681 ¹)
214 1646 260 1682 45,
278 1647 324 1680 54,
344 1647 389 1680 94,
409 1647 473 1680 614,
495 1646 558 1680 714,
579 1646 643 1680 718,
663 1647 727 1680 736,
746 1647 811 1680 912,
834 1647 914 1674 1191.
955 1648 1026 1674 item
1052 1647 1130 1683 apud
1149 1647 1310 1673 Homerum
1333 1645 1398 1681 (Eb.
1414 1646 1443 1673 II
1463 1645 1519 1673 87ιι
1540 1646 1593 1679 ΠΙ,

56 1694 127 1722 Otto
147 1695 170 1729 Ι,
185 1696 203 1721 4
217 1695 291 1730 sqq.)
312 1695 443 1730 exceptis
464 1695 520 1721 his:
536 1695 584 1725 ἐἰς
604 1695 621 1721 6
641 1703 701 1728 κεν,
722 1695 753 1727 ἐξ
773 1689 817 1728 οὗ,
839 1694 870 1727 ἐξ
892 1690 931 1730 ἧς.
953 1695 984 1728 ἐξ
1005 1689 1041 1722 οὗ
1060 1697 1091 1722 in
1111 1695 1315 1730 Argonauticis
1330 1703 1448 1729 quoque
1468 1694 1592 1729 legitur:

57 1743 120 1770 750.
153 1742 279 1769 eundem
301 1750 410 1769 morem
431 1745 586 1769 servarunt
607 1742 808 1769 Callimachus
833 1743 880 1778 (cf.
895 1743 924 1770 11
946 1743 990 1777 78,
1010 1743 1054 1770 111
1077 1744 1139 1776 138,
1154 1743 1217 1776 206,
1238 1742 1280 1768 VI
1300 1743 1345 1775 39,
1360 1743 1405 1775 55,
1420 1742 1480 1777 64),
1505 1742 1592 1778 Apol—

56 1789 154 1818 lonius
175 1790 223 1825 (cf.
238 1791 252 1817 I
273 1790 339 1825 286,
359 1790 388 1817 Π
409 1790 486 1825 396),
507 1790 635 1825 Quintus
657 1790 705 1826 (cf.
727 1791 741 1818 I
763 1789 838 1828 145),

172 1839 195 1874 ²)
215 1839 327 1866 Eadem
349 1839 493 1866 dubitatio
515 1838 551 1865 de
571 1839 722 1866 nonnullis
741 1839 888 1867 adverbiis
909 1843 961 1867 est.
982 1841 1037 1867 472
1059 1839 1181 1866 Abelius
1200 1840 1242 1866 sic
1263 1840 1459 1874 interpungit:

417 1906 591 1935 Σιντιακαῖς
611 1903 639 1931 δ’
654 1904 807 1942 ὀφρύσσιν
827 1905 991 1942 ἐκέλσαμεν
1011 1905 1146 1933 ὠκύαλον
1166 1906 1240 1940 νηῦν

342 1954 396 1980 472
417 1952 538 1989 Λήμνῳ
560 1952 593 1980 ἐν
614 1953 744 1990 ἠγαθέῃ·
766 1953 837 1981 τόθι
857 1963 912 1990 περ
932 1955 1007 1982 κακὰ
1027 1953 1100 1991 ἔργα
1120 1953 1250 1990 μεμήλει

415 2001 605 2037 θηλυτέραις·
626 2001 659 2028 αἳ
679 2003 737 2038 γάρ
759 2002 789 2028 οἱ
809 2001 995 2029 ἀιστώσαντο
1016 2001 1187 2031 συνεύνους.

56 2074 122 2093 meo
147 2066 265 2102 quidem
291 2067 401 2095 iudicio
428 2076 543 2094 comma
568 2068 737 2103 ponendum
763 2072 816 2103 est,
842 2070 885 2096 ita
910 2073 943 2096 ut
968 2077 1062 2104 aeque
1087 2071 1178 2104 atque
1203 2069 1235 2094 in
1255 2077 1282 2095 v.
1298 2069 1353 2095 628
1376 2069 1448 2096 τόθι
1468 2068 1593 2096 relative

11 2140 13 2144 ⁴
56 2112 240 2141 adhibeatur.
281 2115 415 2151 pluribus
435 2115 509 2142 locis
530 2115 566 2142 de
586 2115 803 2151 significatione
823 2117 956 2144 adverbii
976 2115 1052 2144 ἔνθα
1073 2117 1179 2152 agitur.
1213 2114 1289 2144 ἔνθα
1310 2118 1428 2152 saepius
1449 2131 1483 2136 —
1505 2118 1592 2153 parti-

56 2160 124 2188 cula
148 2161 186 2190 δέ
208 2162 382 2199 plerumque
407 2163 507 2190 addita
532 2179 567 2183 —
593 2163 824 2192 demonstrative
849 2165 1006 2192 adhibetur
1031 2168 1061 2191 et
1086 2173 1173 2191 sensu
1198 2164 1287 2192 locali
1309 2166 1372 2199 113,
1390 2165 1463 2192 1268
1485 2164 1542 2198 (δ’)
1563 2168 1593 2192 et

0 2206 9 2223 Ψ
40 2209 198 2238 ‚translato
219 2212 274 2238 499
296 2210 369 2245 (δέ),
390 2212 444 2238 667
466 2214 496 2238 et
517 2212 590 2239 1128
611 2209 686 2239 ἔνθα
708 2210 736 2239 δ’
751 2213 992 2250 ἀφορμηθέντες,
1014 2214 1078 2247 722,
1095 2213 1168 2239 1300
1194 2212 1331 2248 (Gesneri
1352 2215 1522 2240 coniectura
1541 2222 1593 2249 pro

14 2276 36 2293 3
57 2254 91 2283 ἐν
110 2255 140 2284 δ’
153 2256 200 2296 ἄρ’
220 2259 375 2286 scribentis
395 2257 461 2287 ἔνθ’
476 2257 523 2297 ἄρ’
543 2260 695 2296 probanda
715 2269 779 2288 esse
792 2261 923 2294 videtur3
945 2261 980 2288 cf.
996 2271 1013 2289 τ
1027 2261 1086 2297 50),
1109 2262 1190 2288 1347.
1225 2261 1380 2289 relativum
1400 2265 1445 2289 est
1460 2277 1494 2281 —
1510 2261 1592 2296 loeis,

17 2312 28 2341 4
46 2312 130 2343 >quos
149 2309 252 2341 postea
272 2311 551 2336 commemoraturus
571 2316 645 2342 sum,
666 2309 780 2336 omissis
805 2324 841 2329 —
869 2310 931 2342 154,
946 2310 1011 2344 659,
1026 2310 1090 2343 993,
1107 2309 1180 2336 1375
1201 2313 1231 2337 et
1247 2317 1287 2337 ea
1306 2309 1531 2345 significatione,
1557 2314 1590 2337 ut
