1734 2492
97 0 159 17 πέμ(
174 5 178 11 ,
188 7 203 11 ..

63 82 66 84 .
89 73 92 75 ,
107 36 228 85 ῤ’τὸίων
261 37 327 73 οὐκ
356 34 493 81 ἀγαθαὶ
525 33 699 81 πτέρυγες,
731 46 761 69 e.
787 33 821 78 2,
848 34 871 69 2
899 35 1079 82 ἐμνήσθην
1110 31 1143 70 δ’
1164 34 1310 77 ὁσσάκις
1341 34 1557 81 ἀμφότεροιΙ

0 105 21 133 ,⁶
63 91 92 101 λ’
130 95 189 130 ’ἐν
220 91 325 141 λέσχῃ
358 91 613 137 κατεδύσαμενς
648 90 693 125 cf.
716 91 758 126 fr.
782 91 863 126 445.
906 103 926 125 e
952 91 1084 135 Quinto
1111 91 1275 137 Koechly
1309 91 1354 125 de
1387 90 1559 126 membris

0 135 288 200 ’111151108511νίε
321 160 431 194 agens
465 147 516 194 (p.
534 146 753 194 LXXXXI)
787 147 873 183 talia
905 160 976 182 non
1009 147 1137 192 adfert,
1172 160 1206 195 p.
1234 148 1280 182 84
1313 153 1432 183 autem
1465 149 1559 183 inter

0 211 9 249 f·
21 208 186 246 membra
201 206 354 242 relativa
370 205 480 240 habet
497 205 550 240 VI
568 204 638 239 310
662 209 772 241 ταῦτα
788 206 852 251 μὲν
868 206 1058 241 ἀθανάτων
1081 205 1118 240 ἐν
1137 206 1299 251 γούνασιν
1322 205 1534 254 ἐστήρικται,
1551 205 1555 251 2

8 266 224 312 ,ὅστε-θάνῃ
248 265 338 298 κατὰ
363 262 461 310 δῆριν
484 261 653 307 ὑπέρβιον
677 263 715 309 ἠὲ
740 264 885 309 σαωθῇ;
913 261 957 296 cf.
976 262 995 296 I
1019 262 1100 307 559,
1118 262 1199 306 588,
1219 262 1299 306 711,
1326 262 1362 296 ΙΙ
1387 261 1443 296 94.

137 320 203 356 Ηί5
227 320 337 365 igitur
354 317 528 364 exemplis
545 318 582 352 id
601 317 696 353 effici
713 317 799 353 mihi
816 318 969 363 videtur,
995 323 1034 353 ut
1050 320 1173 364 negari
1190 324 1344 366 nequeat
1360 330 1556 366 pronomen

23 379 209 415 relativum
226 377 263 411 in
280 375 617 421 interrogationibus
639 375 823 411 indirectis
840 375 1040 411 adhibitum
1059 388 1146 411 esse.
1160 376 1185 422 ¹)
1229 376 1386 411 concedo
1410 375 1556 422 quidem

8 435 213 473 ,Kuehnero
241 433 296 479 (ut
320 432 489 466 Karlowa
513 443 548 478 p.
570 432 612 466 16
639 437 674 466 et
695 431 904 479 Pola'ckius)
931 433 1095 467 cautione
1120 432 1275 479 quadam
1302 444 1390 479 opus
1416 444 1493 467 esse
1518 433 1555 467 in

23 492 89 528 hoc
113 504 180 527 usu
205 489 401 525 statuendo.
446 495 528 524 sunt
553 490 646 525 enim
670 489 749 534 loci,
776 490 905 535 quibus
922 489 1072 524 Graecis
1099 490 1284 524 correlatio
1309 490 1434 524 adesse
1456 489 1555 524 vide-

20 550 136 592 batur,
161 559 225 582 nos
251 551 371 581 autem
396 546 587 581 latinorum
611 547 746 580 ratione
772 546 913 581 adsueti
946 546 1089 592 (‘durch
1119 546 1176 581 die
1201 546 1407 581 lateinische
1433 546 1552 581 Brille’

18 610 116 641 recte
138 604 224 640 dicit
241 602 517 649 Windischius),
543 614 613 638 non
636 603 731 649 quod
753 604 803 637 ait
819 602 1012 638 Goebelius
1034 615 1069 649 p.
1089 603 1132 637 27
1161 603 1386 639 ‘vernaculae
1410 603 1554 650 linguae

20 661 312 698 consuetudinem
339 660 488 695 Graecis
513 672 654 706 quoque
689 659 843 695 subdere
877 665 1005 695 natura
1034 660 1208 707 perducti'
1243 662 1553 706 interrogationem

21 719 166 755 subesse
182 723 365 766 putamus;
392 717 438 753 cf.
456 719 499 753 Λ
516 717 585 752 658
612 716 694 753 οὐδέ
710 731 763 760 τις
788 713 884 753 οἶδεν
905 718 909 764 1
932 716 1096 762 πένθεος,
1122 716 1229 753 ὅσσον
1254 717 1410 765 ὅρωρε.ἳ)
1460 717 1552 752 Τ1111-

22 776 161 824 cydidis
190 775 308 811 locum
339 774 357 810 I
384 774 450 809 137
483 788 591 822 supra
620 776 812 821 tetigimus.
854 780 962 822 atque
989 775 1163 810 eiusmodi
1189 780 1253 820 est,
1284 775 1379 822 quod
1404 776 1439 810 in
1464 774 1552 821 Arg.

8 846 54 876 tv.
75 833 165 868 1333
190 833 334 878 legitur:
360 829 454 880 (Ἡρη
473 860 480 867 .
502 860 508 866 .
526 826 621 879 φάτο
647 831 706 867 καὶ
729 831 911 868 κατένευσε
928 853 975 858 —-
992 835 1037 867 τά
1062 830 1095 868 οἳ
1121 834 1245 879 μήτιον
1269 833 1423 874 ἄνακτες.
1458 831 1554 878 quod

20 889 61 924 fit
84 890 120 923 in
145 889 277 935 primiS,
313 889 342 922 si
376 888 639 923 substantivum
664 890 845 923 enuntiato
871 888 1021 923 relativo
1055 888 1346 935 interponitur33)
1381 887 1426 922 cf.
1449 901 1476 923 π
1507 888 1553 922 92

19 948 206 988 ἀκούοντος
225 973 231 981 .
252 974 259 981 .
280 974 287 981 .
307 940 366 982 οἶά
399 958 490 993 φατε
522 950 721 994 μνηστῆρας
753 946 945 982 ἀτάσθαλα
976 949 1231 994 μηχανάασθαι
1264 947 1286 981 i.
1314 958 1342 981 e.
1367 948 1555 989 ἀκούοντος

20 1003 217 1049 ἀτάσθαλα,
243 997 302 1038 οἷά
327 1015 418 1050 φατε
442 1003 527 1047 κτλ,
555 1006 594 1038 Ν
606 1003 687 1046 449,
710 1005 746 1038 Ψ
760 1002 841 1048 589,
859 1017 882 1039 α
900 1003 981 1047 298,
1003 1017 1016 1039 ι
1033 1003 1113 1048 348,
1138 1003 1244 1050 Soph.
1263 1003 1354 1038 Phil.
1373 1002 1442 1037 939
1467 1004 1554 1038 ἀνα-

19 1061 168 1107 κλάομαι
185 1089 193 1096 .
213 1088 221 1097 .
241 1089 249 1096 .
267 1055 315 1096 οἷ’
334 1058 404 1107 ἔργ’
422 1061 440 1096 ὁ
457 1064 544 1104 παῖς
560 1058 597 1106 μ’
614 1058 767 1108 ἔδρασεν.
811 1060 855 1095 de
874 1061 963 1096 Plat.
984 1061 1076 1097 Tim.
1091 1061 1135 1096 67
1155 1073 1176 1095 a
1203 1061 1349 1107 egimus.
1377 1073 1424 1095 ex
1441 1060 1552 1106 Argo-

19 1119 169 1153 nauticis
199 1117 269 1153 huc
299 1118 453 1153 referam
485 1130 518 1152 v.
543 1118 589 1153 34
618 1117 712 1166 ἀμφὶ
742 1117 780 1154 δὲ
806 1117 968 1166 μαντείης
992 1119 1097 1166 ἐδάης
1121 1117 1379 1165 πολυπείρονας
1402 1117 1525 1164 οἴμους
1545 1118 1549 1165 Ι

18 1178 137 1222 θηρῶν
160 1173 192 1210 τ’
210 1176 343 1211 οἰωνῶν
367 1189 416 1219 τε,
442 1175 502 1211 καὶ
526 1175 547 1223 ἢ
573 1176 780 1221 σπλάγχνων
804 1175 908 1219 θέσις
924 1173 1030 1211 ἐστίν.
1074 1176 1137 1210 sed
1156 1176 1232 1210 fieri
1249 1175 1409 1222 profecto
1427 1176 1551 1222 potuit,

15 1237 54 1266 ut
77 1231 400 1278 Argonauticorum
427 1234 578 1280 scriptor
612 1232 679 1267 hac
714 1234 751 1268 in
784 1245 822 1268 re
852 1233 1177 1269 Alexandrinorum
1211 1238 1404 1280 praecepta
1429 1244 1550 1280 seque-

15 1294 120 1335 retur,
156 1289 285 1336 quibus
321 1291 366 1324 ‘in
402 1291 470 1325 hac
504 1290 656 1325 formula
680 1293 703 1338 η’
728 1297 763 1325 et
786 1293 846 1338 ἥτε
878 1291 1052 1326 adverbia
1085 1291 1206 1334 fuisse,
1240 1303 1332 1337 quae
1366 1302 1550 1336 compone-

15 1351 94 1380 rent
118 1358 199 1380 eum
225 1347 271 1389 ὡς
302 1352 337 1380 et
370 1347 483 1391 ὥστε’,
510 1347 676 1394 probavit
710 1347 796 1382 mihi
821 1347 992 1382 Lehrsius
1029 1347 1191 1394 (Quaest.
1219 1348 1308 1394 epic.
1335 1359 1369 1394 p.
1395 1346 1442 1381 44
1468 1345 1548 1394 sq.).

16 1415 138 1438 verum
164 1405 230 1439 etsi
256 1403 346 1439 tales
371 1404 468 1440 locos
486 1406 688 1450 omittimus,
714 1410 850 1441 restant
867 1411 922 1440 sat
939 1405 1052 1452 multi,
1078 1405 1140 1441 ubi
1163 1418 1207 1440 ne
1228 1404 1386 1440 artificiis
1404 1404 1548 1451 quidem

15 1460 182 1495 adhibitis
208 1462 421 1506 significatio
446 1464 712 1508 interrogativa,
741 1475 833 1509 quae
852 1475 890 1496 re
909 1474 995 1497 vera
1013 1463 1146 1507 subest,
1172 1462 1246 1497 tolli
1265 1467 1390 1508 potest.
1432 1473 1549 1508 neque

14 1514 143 1560 hercle,
177 1518 207 1552 si
239 1517 345 1562 locos,
381 1519 425 1553 de
459 1518 588 1565 quibus
621 1520 786 1554 dubitare
821 1520 916 1564 licet,
951 1520 1176 1567 respicimus,
1210 1520 1338 1554 mirum
1372 1524 1425 1553 est
1457 1518 1547 1554 falsa

14 1583 119 1618 quam
152 1574 277 1610 dicunt
309 1575 473 1621 analogia
506 1576 694 1611 relativum
728 1578 778 1611 ita
811 1582 1021 1622 usurpatum
1052 1589 1128 1611 esse
1154 1589 1218 1622 pro
1243 1575 1301 1611 illo
1327 1576 1545 1622 pronomine,

15 1630 71 1664 cui
95 1630 131 1664 in
155 1632 490 1678 interrogationibus
515 1632 613 1668 locus
641 1638 727 1679 erat,
759 1634 838 1669 dico
865 1632 903 1677 ὅς
927 1646 992 1681 pro
1017 1635 1115 1677 ὅστις
1140 1646 1169 1668 e.
1189 1645 1232 1677 s.;
1265 1633 1308 1668 cf.
1328 1633 1369 1668 E.
1389 1632 1545 1668 801111101-

12 1684 96 1732 ling,
122 1687 243 1723 Ueber
268 1689 302 1724 d.
323 1689 518 1726 Grebrauch
544 1691 680 1737 einiger
696 1691 803 1726 Pron.
822 1691 888 1726 auf
908 1697 969 1727 att.
989 1691 1125 1726 Inschr.
1144 1703 1262 1738 progr.
1281 1691 1420 1726 Stettin.
1441 1689 1544 1735 1885,

12 1754 46 1788 p.
68 1743 120 1778 13.
171 1747 291 1782 nescio
325 1752 445 1782 tamen
470 1760 517 1783 an
542 1748 611 1783 alia
637 1753 735 1783 extet
762 1748 967 1795 explicandi
992 1750 1092 1793 ratio,
1127 1749 1155 1783 si
1181 1747 1445 1783 consideramus
1470 1742 1546 1792 οἶος

11 1804 48 1834 et
78 1801 160 1845 ὅσος
192 1805 333 1850 saepius
366 1805 434 1840 hoc
469 1805 574 1840 modo
600 1806 764 1853 usurpari
791 1818 898 1853 quam
923 1805 971 1850 ὅς,
1006 1812 1042 1841 et
1073 1807 1101 1841 si
1131 1805 1388 1852 proficiscimur
1413 1818 1435 1840 a
1458 1805 1545 1840 locis

13 1856 109 1892 velut
132 1861 164 1893 B
189 1860 259 1895 320
271 1861 298 1908 ⁴)
324 1862 554 1908 θαυμάζομεν
579 1857 656 1898 οἷον
679 1863 823 1910 ἐτύχθη.
868 1864 964 1909 quod
990 1865 1018 1898 si
1051 1862 1356 1908 Naegelsbachius
1390 1862 1436 1897 ad
1468 1862 1501 1897 h.
1520 1862 1541 1897 l.

125 1945 145 1978 ¹)
160 1946 334 1976 Rectissime
348 1949 439 1984 igitur
449 1949 626 1984 Vogrinzius
641 1958 668 1985 p.
684 1951 740 1977 370
754 1950 828 1977 haec
841 1950 926 1977 dicit:
948 1950 1136 1985 ‘Bezueglich
1150 1950 1201 1976 der
1214 1949 1401 1985 Wortfragen
1415 1950 1453 1976 ist
1467 1950 1544 1976 noch

11 1998 48 2017 zu
61 1991 228 2028 bemerken,
248 1996 315 2022 dass
329 1997 413 2023 nicht
425 1996 490 2023 blos
504 1998 548 2026 τίς
561 1997 605 2023 als
619 1997 881 2032 Fragepronomen
896 1997 997 2032 gelten
1018 1997 1089 2030 darf,
1110 1997 1235 2023 sondern
1256 1996 1332 2023 auch
1353 1997 1393 2030 ὃς,
1415 1997 1440 2031 ἥ
1461 1997 1479 2023 ὅ
1499 1996 1543 2023 als

10 2031 122 2066 solebas
136 2048 353 2076 angenommen
367 2043 485 2071 werden
501 2052 589 2078 muss,
604 2052 690 2071 wenn
704 2052 773 2071 man
788 2044 836 2071 die
850 2044 1057 2080 abhaengigen
1072 2044 1210 2079 Fragen
1202 2052 1233 2070 111
1244 2043 1410 2080 Rechnung
1423 2044 1542 2081 bringtff

121 2086 143 2123 ²)
163 2088 358 2127 Interrogatio
379 2099 451 2119 sane
471 2092 630 2120 statuenda
651 2093 715 2127 erit,
737 2093 762 2120 si
782 2093 912 2123 πένθεος
932 2101 999 2120 011111
1020 2092 1112 2120 ὅσσον
1132 2093 1379 2119 coniunxerimus.

121 2135 144 2170 ³)
164 2137 239 2165 Vide
260 2139 382 2167 Goebel.
403 2149 430 2175 p.
446 2140 491 2167 26.

120 2183 145 2218 ⁴)
166 2184 209 2212 Cf.
231 2186 261 2213 ,Ω
281 2187 347 2220 630,
368 2189 399 2215 X
418 2188 484 2222 347,
504 2197 522 2225 ρ
543 2189 607 2222 479,
628 2189 726 2223 (1389,
741 2198 765 2224 χ
779 2189 845 2222 217,
865 2188 950 2215 Pind.
965 2187 1052 2223 Pyth.
1068 2188 1081 2214 1
1102 2189 1136 2214 27
1158 2188 1266 2224 θαῦμα
1288 2186 1321 2215 δὲ
1342 2188 1392 2215 καὶ
1411 2188 1542 2225 παρεόν-

7 2234 66 2254 των
90 2229 214 2260 ἀκοῦσαι
236 2234 240 2269 Ι
263 2230 330 2262 οἷον
355 2235 470 2266 Αἴτνας
496 2235 529 2263 ἐν
553 2235 785 2273 μελαμφύλλοις
810 2235 931 2263 δέδεται
955 2237 1111 2272 κορυφαῖς,
1137 2236 1224 2271 Soph.
1244 2236 1289 2263 Ai.
1308 2237 1365 2263 304
1389 2237 1542 2268 συντιθεὶς

9 2274 103 2309 γέλων
129 2279 232 2315 πολυν,
258 2282 332 2317 ὅσην
357 2281 421 2310 κατ’
440 2283 539 2310 αὐτῶν
564 2283 652 2320 ὕβριν
672 2282 811 2311 guttam?
831 2282 893 2315 ἰών,
914 2283 982 2309 Ant.
996 2284 1062 2316 847,
1081 2283 1177 2318 Apoll.
1196 2283 1255 2310 1111
1277 2284 1350 2310 1065
1370 2285 1541 2321 μυρομένη,

8 2320 56 2356 θῖη
64 2331 120 2358 μιν
130 2324 314 2366 ἐπισμυγερὴ
327 2328 418 2364 λάβεν
430 2326 784 2366 αἷσα,01111.θ.7,2κλείω
797 2328 826 2357 δ’
839 2327 987 2366 Ευρυτον,
999 2328 1062 2357 ὅσσ’
1074 2328 1169 2358 ἔπαθε
1188 2330 1192 2365 Ι
1209 2330 1259 2358 καὶ
1268 2331 1385 2364 ξανθὴν
1399 2329 1538 2359 Ἰόλειαν.

1663 13 1665 15 “
1684 17 1694 26 ,ἢ

1668 26 1692 41 w.

1696 294 1704 301 t
1701 192 1706 196 ,
1699 179 1705 183 .
1705 168 1708 169 ¹
1691 155 1693 157 ¹
1690 114 1706 123 ,ἡ
1688 92 1703 106 :⁸-

1731 363 1734 372 „
1714 277 1734 330 .'.w.··'
1706 162 1734 267 ιῨ-Ὦωκ.
1704 111 1718 148 *A*
1713 89 1715 91 ⁵
