1734 2492
40 81 102 90 ,,,,,,
132 41 298 89 Quinti
325 41 440 86 locos,
465 53 553 88 quos
583 39 809 75 Hermannus
839 52 873 87 p.
893 39 963 75 805
989 52 1041 87 sq.
1069 45 1262 86 comparat,
1293 39 1396 75 aliter
1420 40 1594 87 explicari

25 69 164 153 v&posse
199 99 291 149 ipse
317 98 492 135 concedit.
542 109 607 144 ego
645 98 681 131 in
718 97 832 131 tribus
869 98 993 144 primis
1026 97 1137 144 libris,
1171 110 1259 144 quos
1292 97 1444 144 perlegi,
1482 110 1594 133 unum

58 158 185 209 *saitem
210 159 270 205 qui
294 157 365 192 huc
389 156 546 203 pertinet
570 155 688 190 locum
713 155 893 189 invenisse
918 155 1004 190 mihi
1029 155 1168 190 videor:
1199 156 1218 190 I
1242 155 1313 190 362
1342 156 1380 199 ὅς
1408 158 1453 203 ῥά
1477 168 1513 191 οι
1536 156 1594 191 εὕ-

58 227 158 263 zavan.
178 212 269 252 εἶναι
290 211 355 262 ἀφ’
373 213 523 259 αἳματος
543 214 753 248 ἀθανάτοιο.
780 212 909 247 deinde
930 211 1074 247 fortuito
1097 213 1238 247 incidi
1228 226 1264 248 1n
1287 213 1438 248 alterum
1456 213 1529 249 VH
1545 212 1594 248 50

0 256 148 320 Ξῐῖἷάλλά
172 270 207 310 οἳ
230 268 337 318 ειθαρ
362 268 623 317 ἀποκταμένοιο
647 270 838 305 πάσασθαι
864 272 963 305 σῖτον
988 267 1099 317 ἔτλην.

0 321 46 386 {31
124 322 126 324 ¹
171 330 301 366 Nescio
332 333 452 363 autem
481 340 527 363 an
561 328 671 361 mirus
702 326 759 361 ille
784 340 869 362 usus
899 327 1072 373 explicari
1104 329 1213 374 possit
1240 340 1258 362 e
1284 328 1370 363 locis
1403 328 1592 374 homericis

0 387 151 433 §tf->male
175 386 374 422 intellectis.
401 385 512 419 veluti
537 387 563 429 β
588 384 634 418 92
659 385 738 427 νόος
763 383 803 420 δέ
827 381 862 420 οἳ
887 385 974 420 ἄλλα
1000 390 1142 432 μενοινᾷ
1171 385 1218 419 ad
1243 385 1460 431 Penelopam
1485 385 1591 419 refer-

0 431 118 491 {Psatur
145 441 199 490 ὀἱς
233 443 296 479 sed
323 442 646 488 Argonauticorum
677 442 827 488 scriptor
856 438 890 477 οἳ
920 454 985 488 pro
1015 441 1187 477 reflexivo
1217 443 1381 488 accipere
1411 448 1519 489 atque
1544 442 1592 477 ad

2 495 152 545 {s‘ffhanc
181 503 354 547 rationem
384 512 418 534 v,
442 498 512 534 283
543 497 661 534 ὅντινά
691 495 726 534 οἳ
755 497 879 546 κραδίη
913 500 1025 546 θυμός
1049 512 1087 534 τε
1111 504 1254 547 μενοινᾷ
1287 499 1508 534 conformare
1533 512 1593 546 po-

0 560 137 611 ζ-;,,1;υ,ἰῐ.
176 558 283 593 ‘simili
307 557 412 592 modo
438 568 471 591 v.
491 556 563 591 534
587 558 626 591 οὐ
651 557 714 602 γάρ
740 552 774 590 οἱ
799 552 944 591 ἐέλπετο
968 560 1060 602 κῦμα
1084 561 1234 603 περῆσαι
1261 556 1316 602 (er
1340 556 1489 591 erhoffte
1516 557 1592 591 sich

0 606 26 658 L.
46 606 175 662 :nicht)
202 614 416 661 compositus
442 625 520 648 esse
544 617 661 659 potest
687 612 733 647 ad
759 611 964 658 exemplum
989 624 1114 648 versus
1144 615 1190 648 M
1211 612 1280 648 407
1314 612 1395 650 ἐπεί
1419 611 1454 650 οὶ
1479 616 1594 661 θυμὸς

44 672 206 708 ἐέλπετο
229 672 333 714 κῦδος
357 670 512 717 ἀρέσθαι
538 675 573 704 et
599 669 693 715 quod
719 672 757 704 N
771 669 842 703 394
866 669 995 715 legitur
1019 670 1058 704 ἐκ
1083 669 1123 705 δέ
1147 666 1181 705 οἱ
1205 669 1344 717 ἡνίοχος
1367 672 1482 719 πλήγη
1507 668 1593 718 φρέ-

59 731 130 774 νας,
153 739 347 775 pronomen
364 724 410 772 οἳ,
434 726 529 773 quod
547 732 601 761 est
624 726 691 771 ‘ei',
715 737 800 761 sane
821 738 885 772 pro
908 725 1080 760 reflexivo
1103 726 1236 761 habere
1260 727 1296 761 in
1318 732 1484 774 promptu
1506 733 1592 762 erat.

0 771 10 790 ᾗ
173 786 373 821 Pronomen
408 784 455 818 ad
490 783 692 819 subiectum
725 784 898 818 enuntiati
931 784 1090 830 primarii
1123 783 1274 818 relatum
1307 796 1378 818 non
1415 784 1601 828 abundat3'

0 832 43 887 {³27⁷
60 842 142 878 talis
168 842 261 876 enim
288 841 442 885 dativus,
470 841 584 887 qualis
610 841 647 874 in
671 852 731 875 vv,
752 840 831 884 249,
851 839 920 874 775
947 840 1175 885 conspicitur,
1202 840 1298 886 apud
1324 852 1446 875 omnes
1472 847 1593 887 poetas

0 904 15 931 ²¹.
36 891 47 939 ’λ
61 899 229 942 ocourrit3
256 898 301 934 cf.
322 912 335 934 ι
351 897 433 942 443,
455 898 485 934 Ο
505 897 583 942 156,
609 899 640 933 Σ
655 897 736 942 376,
764 895 851 932 Call.
870 896 926 932 ῙΠ
952 896 1008 932 89.
1052 897 1114 931 sed
1136 909 1206 932 uno
1228 897 1306 933 loco
1329 897 1432 932 huius
1454 899 1594 943 generis

0 949 39 1003 h...
62 956 96 1003 (I
118 956 165 1003 B)
191 961 227 991 et
251 955 425 1002 pluribus,
450 954 512 989 ubi
537 967 732 1001 pronomen
757 966 821 1001 pro
848 954 1125 989 demonstrativo
1151 959 1204 988 est
1229 954 1262 1001 (1
1285 954 1342 1001 C),
1369 955 1594 1001 pleonasmus

14 1021 29 1023 ‘⁷
61 1012 207 1060 quidam
233 1013 399 1047 cernitur.
451 1011 657 1059 adiungitur
682 1012 776 1046 enim
801 1024 998 1059 pronomen
1023 1011 1111 1046 illud
1138 1011 1360 1047 substantivo
1385 1012 1445 1058 ita,
1471 1018 1510 1048 ut
1534 1018 1596 1048 aut

1 1081 3 1086 ⁴
62 1076 232 1117 sequatur
262 1069 323 1117 (cf.
348 1070 418 1105 675
447 1072 550 1106 Φινεῖ
572 1069 612 1106 δέ
637 1066 672 1106 οἱ
697 1070 848 1106 ὤπασαν
872 1069 973 1118 ἄτην)
1005 1076 1066 1105 aut
1096 1070 1291 1116 praecedat
1321 1070 1382 1117 (cf.
1401 1070 1469 1105 267
1495 1073 1537 1118 ἣν
1560 1068 1595 1106 οἱ

61 1126 308 1175 ὖποτροπίην.
331 1155 338 1163 .
357 1156 366 1163 .
384 1126 475 1163 θέτο
507 1127 563 1174 νηὶ
592 1126 746 1175 μελαίνῃ,
783 1126 851 1161 773
877 1124 912 1163 οἱ
936 1127 1123 1175 Μινύῃσι).
1175 1139 1244 1173 quo
1277 1127 1313 1161 in
1343 1139 1409 1161 usu
1442 1128 1596 1173 praeivit

61 1184 239 1220 Homerus
257 1184 315 1231 (N
332 1184 413 1230 600,
433 1185 467 1220 Ω
484 1183 623 1232 4520),
641 1197 670 1219 π
687 1183 767 1227 371,
786 1198 805 1219 υ
825 1183 924 1229 106);
952 1183 998 1218 cf.
1017 1183 1139 1231 hymn.
1159 1183 1276 1230 Apoll.
1296 1184 1376 1230 275,
1401 1185 1535 1219 Herod.
1559 1185 1596 1220 II

64 1241 132 1276 175
159 1242 219 1289 (τῇ
243 1240 416 1290 Ἀθηναίῃ
441 1242 648 1288 προπύλαια
674 1269 681 1276 .
702 1269 709 1276 .
728 1269 737 1276 .
764 1238 799 1277 οἱ
824 1239 953 1288 [codd.]
980 1240 1219 1288 ἐξεποίησαν),
1247 1241 1301 1276 VI
1317 1241 1374 1287 68,
1401 1242 1522 1285 Quint.
1540 1242 1596 1276 III

61 1297 142 1333 529.
191 1303 378 1345 praeterea
403 1298 499 1346 quod
524 1298 684 1334 abundat
708 1310 901 1345 pronomen
928 1297 996 1333 alio
1025 1310 1110 1333 casu
1135 1299 1277 1345 ponitur
1302 1304 1409 1346 atque
1436 1298 1596 1334 substan-

61 1347 190 1390 tivum:
221 1355 291 1391 656
322 1357 444 1403 μολεῖν
473 1358 537 1404 γάρ
567 1353 603 1392 οἳ
633 1356 709 1392 οὔτι
738 1356 907 1403 πέπρωτο
934 1357 939 1402 Ι
971 1358 1086 1392 Φᾶσιν
1115 1355 1299 1403 καλλίροον
1323 1355 1425 1402 μένος
1449 1356 1597 1403 ὄβριμον

61 1408 252 1461 Ἡρακλῆος
278 1418 313 1447 et
340 1413 431 1448 1309
455 1415 503 1461 μή
528 1410 563 1448 οἱ
587 1413 675 1448 ἑλὼν
700 1412 871 1448 ἀέκουσαν
886 1412 944 1448 ἑὸν
965 1411 1120 1460 πέμψειε
1143 1413 1294 1458 δόμονδε
1312 1442 1319 1449 .
1340 1442 1348 1448 .
1368 1441 1376 1448 .
1414 1425 1483 1448 non
1502 1414 1597 1448 enim

62 1470 287 1505 accusativus
318 1475 372 1505 est
402 1467 447 1515 οἱ,
478 1475 516 1504 ut
546 1470 662 1505 visum
687 1475 740 1505 est
764 1470 972 1505 Hermanno
998 1482 1032 1516 p.
1053 1469 1133 1514 795,
1164 1470 1228 1505 sed
1252 1470 1515 1514 πλεοναστικῶς
1539 1483 1596 1517 po-

8 1527 14 1548 ῗ
62 1527 158 1561 nitur
187 1527 339 1571 dativus,
374 1533 413 1562 ut
437 1528 627 1562 vernacule
661 1533 801 1562 vertere
835 1529 965 1574 possis:
1002 1530 1051 1561 ‘es
1081 1540 1155 1562 war
1185 1528 1258 1562 ihm
1288 1528 1468 1574 (Herculi)
1498 1528 1599 1562 nicht

62 1574 253 1629 bestimmt,
280 1585 363 1621 dass
380 1585 560 1620 Herakles
583 1597 628 1620 an
652 1585 722 1619 den
739 1585 866 1620 Phasis
891 1585 1057 1620 komme'.
1101 1585 1254 1631 quodam
1272 1584 1379 1620 modo
1399 1586 1597 1631 comparari

63 1646 179 1688 potest
211 1656 231 1689 ρ
264 1642 335 1678 555
365 1641 579 1691 μεταλλῆσαί
603 1642 640 1678 τί
663 1642 680 1677 ἑ
705 1644 820 1689 θυμὸς
843 1641 980 1678 κέλεται
1004 1641 1063 1678 καὶ
1086 1643 1194 1691 κήδεά
1219 1655 1286 1689 περ
1311 1641 1515 1690 πεπαθυίῃς
1551 1642 1596 1676 cf.

64 1709 154 1745 quae
185 1698 230 1733 de
260 1699 328 1734 hoc
353 1699 429 1734 loco
454 1700 482 1734 I.
503 1699 694 1734 Classenus
721 1701 886 1746 exposuit
901 1700 925 1745 ¹)
959 1704 994 1734 et
1018 1699 1113 1734 locos
1138 1712 1160 1734 a
1185 1699 1378 1745 Vogrinzio
1403 1711 1437 1746 p.
1457 1699 1528 1734 305
1545 1711 1596 1746 sq.

64 1755 212 1791 adlatos.
260 1757 363 1793 simili
388 1758 492 1793 modo
518 1757 754 1805 explicandus
780 1770 858 1792 esse
884 1757 1026 1792 videtur
1051 1770 1084 1792 v.
1106 1757 1186 1802 291,
1213 1769 1319 1804 quem
1346 1769 1465 1803 supra,
1492 1769 1536 1792 ne
1561 1758 1598 1792 in

64 1818 229 1859 quattuor
254 1815 359 1849 simul
384 1826 518 1861 genera
542 1815 725 1860 referrem,
757 1816 875 1850 omisi:
910 1813 986 1850 ἀλλ’
1004 1817 1046 1850 οὔ
1070 1811 1105 1850 οἱ
1128 1817 1314 1861 κάρτιστον
1339 1815 1536 1861 ἀρειότερόν
1559 1827 1597 1849 τε

180 1910 201 1946 ¹)
221 1911 381 1939 Beobacht.
395 1912 444 1938 fib.
459 1911 485 1938 d.
501 1911 577 1938 hom.
593 1911 863 1947 Sprachgebrauch,
884 1911 1068 1938 Francofurt.
1093 1912 1174 1944 1879,
1200 1921 1228 1946 p.
1245 1911 1298 1937 168
1312 1919 1355 1945 sq.
1395 1913 1526 1937 ceterum
1547 1919 1599 1937 cur

65 1964 131 1983 cum
146 1957 255 1984 Wielio
277 1958 318 1993 (Π
333 1959 362 1993 7)
383 1959 545 1985 scribamus
564 1959 673 1995 μολεῖν
694 1957 722 1985 δ’
737 1959 796 1995 ἄρα
817 1957 892 1992 οὔτι,
913 1967 1003 1985 causa
1022 1967 1083 1985 non
1104 1967 1167 1985 esse
1181 1958 1305 1985 videtur.
1339 1959 1410 1984 item
1425 1958 1470 1984 his
1484 1958 1599 1984 duobus

63 2003 328 2040 Argonauticorum
348 2006 422 2034 locis
442 2006 558 2034 collatis
578 2006 688 2041 dubito,
710 2015 780 2034 num
800 2007 832 2033 in
853 2007 956 2040 Quinti
976 2007 1041 2034 loco
1062 2007 1105 2033 ΙΙΙ
1126 2007 1161 2033 57
1184 2001 1206 2033 ὦ
1226 2006 1328 2040 πόποι,
1349 2006 1387 2036 ὡς
1407 2006 1459 2042 ὅγε
1479 2004 1598 2042 μαίνετ’

64 2051 124 2079 ἀνὰ
145 2053 272 2090 φρένας·
294 2054 368 2081 ἀλλά
383 2054 413 2081 οἱ
427 2053 492 2081 οὔτι
509 2054 513 2089 Ι
531 2052 597 2081 οὐδ’
612 2054 702 2085 αὐτὸς
716 2054 869 2092 Κρονίδης
881 2052 922 2082 ἔτ’
937 2054 1071 2088 ἀνέξεται
1093 2054 1158 2082 οὔτε
1181 2064 1224 2085 τις
1242 2054 1330 2084 ἄλλος
1346 2053 1351 2089 l
1369 2053 1446 2081 οὕτω
1464 2056 1599 2091 μαργαί-

63 2108 157 2127 νοντα
186 2101 238 2128 καὶ
269 2101 436 2130 ἀντιόωντα
461 2103 589 2137 θεοῖσιν,
620 2111 677 2138 quo
703 2103 892 2130 Hermannus
918 2112 945 2138 p.
966 2104 1021 2130 802
1053 2103 1083 2129 οἱ
1107 2112 1158 2138 pro
1184 2103 1352 2129 accusativo
1377 2103 1501 2138 accepit,
1532 2110 1599 2129 cum

14 2185 16 2187 Ι
63 2146 217 2184 Koechlyo
237 2153 356 2186 propter
376 2150 413 2184 ol,
439 2150 517 2186 quod
538 2159 605 2177 cum
624 2150 818 2186 sequentibus
837 2151 1015 2178 accusativis
1041 2150 1191 2177 conciliari
1216 2153 1346 2185 nequeat
1372 2149 1487 2187 (eodem
1514 2150 1599 2177 modo

65 2194 318 2224 Zimmermannun
338 2207 365 2233 p.
382 2198 417 2224 67
438 2198 571 2232 iudicat),
591 2198 700 2225 lacuna
714 2198 872 2225 statuenda
886 2199 923 2225 sit
936 2201 1003 2233 post
1022 2207 1049 2224 v.
1065 2199 1110 2224 57.
1133 2198 1210 2232 quod
1225 2199 1249 2224 si
1262 2198 1341 2224 hune
1361 2197 1459 2224 locum
1479 2198 1517 2224 ad
1537 2206 1599 2224 ver-

7 2258 10 2262 ·
27 2278 29 2280 ,
65 2241 135 2269 bum
155 2246 255 2270 nostro
276 2253 412 2282 sermone
431 2245 553 2272 reddere
573 2245 654 2279 licet,
674 2253 777 2272 sensus
797 2246 846 2272 hic
867 2249 924 2272 est:
946 2246 998 2271 ‘Zu
1019 2247 1123 2271 seinen
1138 2245 1272 2272 Gunsten
1293 2244 1365 2271 wird
1384 2245 1436 2271 ihn
1456 2245 1508 2272 der
1528 2245 1601 2272 Kro-

43 2283 45 2287 ’
65 2288 135 2316 uide
155 2290 237 2317 nicht
257 2295 403 2328 ertragen,
425 2293 480 2319 wie
495 2300 526 2319 er
540 2292 597 2319 den
612 2291 737 2319 Οὔτιοι-ιι
751 2293 974 2328 entgegentritt'
995 2292 1044 2318 vel
1065 2292 1125 2319 ‘der
1139 2292 1269 2319 Kronide
1285 2292 1356 2318 wird
1370 2291 1421 2318 ihu
1436 2292 1519 2319 nicht
1533 2301 1600 2319 zum

66 2334 163 2391 Gltyzk
183 2338 230 2364 fiir
249 2339 301 2365 ibn
322 2340 482 2375 ertragen'3
503 2339 539 2366 cf.
561 2342 595 2366 Π
611 2341 663 2366 531
688 2336 752 2366 ὅττι
773 2340 802 2366 οἱ
822 2335 871 2367 ὦκ’
888 2341 991 2375 ἤκουσε
1012 2340 1110 2376 μέγας
1129 2340 1201 2370 θεὸς
1221 2339 1411 2375 εὐξαμένοιο.

1412 2387 1431 2414 4
