1734 2492
13 42 221 117 *edit
230 68 325 116 quod
358 68 679 115 Argonautieorum
719 67 869 113 scriptor
901 66 997 102 locos
1031 66 1228 101 homericos
1261 65 1537 112 hesiodeosque,
1579 65 1641 112 qui

2 117 187 163 ’.Γνηᾰιὶᾶό
218 126 264 162 ab
299 126 504 161 Hermanno
536 124 664 171 (Orph.
692 136 725 169 p.
755 123 823 158 775
845 124 938 171 sqq.)
974 121 1119 171 propter
1154 124 1373 169 pronominis
1405 117 1443 159 οἷ
1474 124 1546 158 vim
1579 134 1638 157 ne-

84 172 254 234 ssglectam
272 183 400 230 corrigi
424 182 546 226 solent,
582 186 677 217 certe
703 181 752 215 ita
781 180 899 227 legere
932 181 1056 228 potuit,
1092 186 1131 216 ut
1163 192 1259 216 nunc
1292 182 1329 216 in
1362 180 1464 216 libris
1499 185 1635 226 extant,

86 236 229 288 *eosque
254 242 394 276 imitari.
434 244 592 275 ceterum
618 238 794 273 Rzachius
820 240 857 273 in
881 238 1004 275 Iliadis
1030 239 1194 281 editione,
1222 252 1313 286 quae
1339 239 1471 286 prodiit
1496 238 1636 284 Pragae

102 298 315 344 1886s1887,
340 300 371 334 E
386 297 466 340 338,
498 301 532 332 Z
553 297 630 340 101,
659 299 690 331 Y
709 295 778 330 282
810 296 972 331 codicum
1003 298 1215 343 scripturam
1247 297 1401 331 retinuit.
1458 296 1637 343 persuasit

99 354 168 391 sibi
191 356 248 391 vir
273 355 496 390 doctissimus
529 367 563 401 p.
582 352 654 388 374
679 357 794 388 certas
825 364 903 387 esse
935 354 1155 389 coniecturas
1182 354 1228 389 ab
1261 354 1467 389 Hermanno
1501 353 1547 388 ad
1573 365 1634 388 vv.

101 413 184 458 183,
218 412 299 458 223,
333 412 412 456 677,
448 411 518 446 680
551 411 716 457 prolatas.
766 415 803 445 at
835 411 872 444 in
907 423 940 446 V.
960 411 1029 445 223
1062 414 1171 455 αὐτὰρ
1207 412 1249 459 δή
1278 412 1315 445 in
1349 413 1458 457 αὐτάρ
1491 408 1526 446 οἳ
1561 422 1635 446 mu-

35 479 39 483 '
98 469 197 505 tandi
229 469 328 504 nulla
362 481 470 504 causa
502 479 578 502 esse
608 467 761 502 videtur.
812 468 847 501 in
873 479 932 503 vv.
962 466 1029 501 184
1063 472 1099 502 et
1132 467 1199 502 677
1234 466 1306 512 ἐπί,
1342 467 1437 515 quod
1471 467 1634 503 meliores

92 526 179 563 vlibri
204 526 385 572 exhibent,
412 525 585 572 explicari
610 536 715 572 posse
740 524 832 559 infra
858 524 994 560 docebo
1020 529 1127 571 atque
1154 524 1198 559 de
1224 537 1257 560 v.
1273 525 1353 570 680,
1380 526 1415 560 in
1441 537 1510 571 quo
1537 525 1632 560 codi-

97 596 180 620 cum
203 584 307 620 lectio
325 588 378 618 est
402 585 511 629 αὐτὰρ
535 581 631 626 ἐπεί,
653 581 852 628 disputabo.
888 581 955 616 hoc
979 582 1057 617 loco
1081 582 1117 616 id
1143 594 1252 617 unum
1278 583 1364 617 mihi
1390 582 1632 617 demonstran-

0 639 31 689 ζῗς,
97 641 182 677 dum
212 647 265 676 est
296 640 566 688 productionem
600 638 761 686 syllabae
794 638 910 674 finalis
940 640 974 673 in
1009 640 1270 686 praepositione
1303 638 1365 675 ἐπὶ
1397 639 1483 674 ferri
1516 652 1631 686 posse,

2 691 29 730 2²„
97 698 192 745 quod
217 698 362 744 negavit
394 697 582 732 Rzachius.
634 696 879 743 producuntur
903 697 938 730 in
965 695 1217 742 Argonauticis
1243 695 1402 742 syllabae
1428 697 1464 730 in
1489 696 1632 732 vocales

96 760 267 791 exeuntes
297 760 377 789 ante
410 753 562 800 liquidas
595 753 681 787 locis
713 765 734 787 a
760 752 916 787 Rzachio
947 753 983 787 in
1013 752 1110 796 libri,
1146 753 1207 799 qui
1230 752 1437 787 inscribitur
1472 752 1631 789 ‘Studien

0 805 45 841 ’ἢκ
95 824 159 847 zur
187 811 352 846 Technik
386 811 450 844 des
481 810 668 844 nachhom.
703 810 777 844 her.
805 809 948 843 Verses’
984 808 1244 855 (Sitzungsber.
1282 809 1315 844 d.
1342 809 1492 844 Wiener
1516 809 1630 845 Acad.

94 868 275 915 phil.-hist.
302 867 423 903 Classe
449 866 552 902 XCV
577 879 612 912 p.
632 866 698 901 681
719 865 814 913 sqq.)
840 878 874 912 p.
895 866 965 900 724
982 878 1033 912 sq.
1061 867 1254 912 congestis:
1290 867 1362 901 7791
1385 867 1446 912 (cf.
1473 870 1515 902 A
1533 867 1630 914 396),

42 946 46 952 -
95 924 164 960 808
190 925 252 971 (cf.
272 927 303 959 B
319 924 393 971 58),
422 923 512 958 1118
539 923 600 969 (cf.
619 923 640 965 ξ
656 923 753 970 251),
782 923 874 958 1190
900 922 962 969 (cf.
985 925 1020 958 Ψ
1042 923 1140 970 366),
1170 923 1259 957 1198
1287 923 1349 970 (cf.
1372 923 1511 970 Y229),
1541 924 1631 958 1376

94 981 172 1028 (ubi
197 982 394 1017 Hermanni
432 982 520 1016 coni.
547 981 622 1016 sine
657 980 765 1026 dubio
799 980 985 1027 probanda
1023 985 1092 1026 est3
1131 980 1175 1015 cf.
1212 994 1233 1015 τ
1265 980 1363 1028 516).
1413 993 1483 1016 uno
1520 981 1629 1029 loco¹)

94 1038 297 1085 exemplum
334 1038 554 1073 homericum
588 1037 683 1084 quod
716 1049 862 1084 prorsus
895 1037 1008 1073 simile
1042 1039 1086 1072 sit
1124 1038 1277 1073 conferri
1309 1039 1444 1085 nequit,
1479 1051 1512 1073 V.
1538 1039 1629 1074 1258

92 1094 198 1143 κοίλῳ
223 1094 285 1131 ἐπὶ
309 1096 419 1143 λυγρῷ
446 1095 485 1131 δὲ
510 1095 795 1142 περιστροφάδην
819 1095 985 1143 ἀλάλητο.
1028 1095 1088 1129 ‘Es
1106 1095 1244 1129 scheint
1260 1095 1359 1140 hier’,
1386 1097 1436 1130 ait
1452 1095 1630 1131 Rzachius

93 1152 115 1187 l.
134 1164 164 1187 c.
192 1152 261 1187 ‘die
286 1151 502 1187 ausserliche
528 1151 703 1197 Analogie
729 1164 798 1187 von
823 1152 968 1198 λιγυρός,
995 1151 1059 1186 das
1086 1152 1135 1186 oft
1161 1152 1341 1198 Langung
1363 1164 1429 1187 vor
1454 1153 1529 1187 sich
1555 1153 1629 1188 auf-

21 1251 24 1253 >
92 1210 204 1253 weist,
240 1222 284 1244 zu
310 1209 427 1243 dieser
452 1208 686 1255 Neubildung
715 1208 946 1255 beigetragen
971 1222 1016 1244 zu
1041 1208 1171 1254 haben,
1198 1221 1300 1244 wenn
1326 1210 1426 1245 nicht
1450 1209 1628 1245 thatsach-

92 1266 175 1313 lich,
205 1267 271 1301 wie
305 1266 492 1301 Hermann
526 1266 647 1312 meint,
682 1266 739 1301 die
768 1266 948 1312 Langung
980 1278 1045 1301 vor
1074 1267 1195 1312 λυγρός
1227 1267 1263 1301 in
1294 1267 1410 1302 einem
1440 1267 1627 1303 verlornen
1659 1304 1663 1307 ,

93 1323 208 1362 Stiick
233 1322 381 1369 vorlag.'
420 1328 606 1370 praeterea
632 1323 772 1358 codices
798 1323 976 1370 syllabam
1000 1323 1142 1359 finalem
1166 1325 1439 1370 praepositionis
1463 1322 1526 1360 ἐπί
1550 1337 1627 1372 pro—

92 1379 237 1415 ductam
263 1380 436 1415 exhibent
465 1385 548 1415 ante
573 1380 727 1416 litteram
752 1394 773 1416 τ
804 1382 840 1415 in
871 1393 930 1415 vv.
957 1381 1024 1415 184
1057 1382 1166 1427 αὐτὰρ
1199 1380 1262 1416 ἐπὶ
1297 1381 1475 1427 Τελαμών,
1509 1395 1531 1417 a
1556 1394 1625 1429 quo

91 1438 169 1474 loco
193 1438 230 1473 in
255 1437 323 1473 hac
349 1439 554 1484 quaestione
579 1438 796 1473 instituenda
821 1438 971 1485 profecti
998 1451 1129 1483 sumuS,
1156 1444 1191 1473 et
1209 1437 1279 1473 324
1303 1432 1393 1484 αἷμα
1419 1436 1451 1474 δ’
1468 1438 1531 1475 ἐπὶ
1548 1441 1625 1476 ταύ-

92 1508 181 1541 ροιο,
214 1495 300 1529 item
337 1494 383 1529 ab
417 1495 624 1530 Hermanno
658 1496 710 1530 sic
740 1496 940 1530 immutato:
982 1490 1069 1541 αἷμα
1097 1494 1136 1531 δέ
1161 1492 1196 1531 οἶ
1220 1496 1374 1542 ταύροιο,
1411 1496 1512 1530 cuius
1546 1509 1625 1531 con-

90 1553 247 1587 iecturae
273 1552 606 1587 commemorandae
630 1552 787 1587 Rzachio
819 1553 957 1587 occasio
983 1552 1066 1587 data
1096 1564 1167 1587 non
1193 1557 1279 1587 erat.
1330 1552 1410 1587 talis
1436 1553 1624 1599 productio

92 1621 177 1644 sane
202 1620 272 1644 non
297 1610 477 1644 invenitur
500 1610 568 1644 nisi
593 1610 630 1643 in
655 1609 786 1644 oracul.
815 1609 941 1656 Sibyll.
969 1609 1032 1656 (cf.
1057 1609 1190 1654 Rzach,
1216 1610 1317 1644 Neue
1343 1609 1452 1645 Beitr.
1480 1623 1515 1656 p.
1538 1610 1624 1658 321)

90 1666 109 1701 I
133 1665 203 1700 358
237 1665 353 1711 πέντε,
387 1668 432 1701 τά
466 1671 501 1701 et
526 1666 600 1702 XII
633 1666 699 1701 179
731 1666 944 1709 ἑπτά-τοῖς.
996 1666 1059 1701 sed
1090 1667 1118 1700 si
1143 1666 1331 1712 productio
1363 1671 1446 1701 ante
1471 1667 1625 1703 litteram

92 1724 125 1768 δ,
152 1734 244 1770 quae
270 1728 353 1758 ante
386 1728 501 1759 certas
531 1729 669 1759 tantum
694 1736 801 1759 voces
831 1723 908 1758 fieri
932 1724 1047 1769 potuit
1072 1728 1217 1770 propter
1237 1724 1398 1768 geminas
1424 1736 1516 1770 quae
1541 1724 1624 1759 olim

89 1780 232 1815 fuerant
269 1792 460 1826 consonas,
505 1781 551 1815 ad
589 1781 676 1815 alias
718 1781 888 1816 translata
925 1785 978 1815 est
1014 1780 1111 1826 apud
1149 1782 1362 1827 posteriores
1399 1786 1522 1827 poetas
1560 1781 1621 1828 (cf.

57 1832 61 1835 ⁴
89 1836 223 1882 Rzach,
247 1837 349 1873 Neue
374 1838 483 1873 Beitr.
502 1851 538 1885 p.
561 1837 631 1873 315
649 1837 730 1885 sq.),
764 1850 835 1873 non
860 1838 975 1882 video,
1003 1849 1066 1872 cur
1091 1838 1288 1884 productio,
1316 1850 1408 1885 quae
1433 1838 1510 1873 fieri
1537 1839 1621 1874 sole-

88 1894 151 1930 bat
182 1898 265 1929 ante
297 1894 450 1941 liquidas
484 1900 520 1930 et
552 1896 582 1938 δ,
617 1895 664 1930 ad
697 1895 850 1930 litteram
883 1908 905 1929 τ
939 1895 1123 1929 transferri
1155 1896 1366 1941 nequiverit.
1417 1907 1489 1941 qua
1520 1897 1557 1931 in
1582 1907 1621 1930 re

48 1960 49 1963 ’
89 1951 249 1987 conferas
276 1963 408 1999 quaeso
433 1951 586 1987 Hartelii
611 1952 734 1996 verba,
761 1964 852 1999 quae
877 1951 935 1987 ille
961 1951 1062 1987 stud.
1080 1951 1115 1986 12
1140 1964 1172 1999 p.
1193 1952 1239 1987 56
1266 1951 1310 1987 de
1337 1952 1494 1988 Homero
1519 1953 1620 1989 fecit:

90 2013 109 2043 ‘.
129 2035 137 2044 .
155 2021 228 2045 was
252 2009 357 2045 liesse
383 2009 458 2045 sich
484 2010 705 2046 erhebliches
738 2010 901 2055 dagegen
925 2009 1146 2056 einwenden,
1182 2010 1264 2045 dass
1300 2010 1358 2045 die
1383 2010 1560 2057 Langung
1584 2012 1620 2046 in

88 2065 134 2100 38
161 2094 169 2101 .
196 2095 204 2102 .
231 2066 355 2102 Fallen
388 2067 481 2103 nach
515 2067 671 2103 falscher
703 2067 876 2113 Analogia
909 2066 967 2102 bei
996 2067 1107 2114 jenen
1140 2067 1353 2114 Endungen,
1388 2067 1523 2103 welche
1557 2081 1621 2103 vor

86 2122 258 2170 liquidem
296 2124 429 2160 Anlaut
466 2124 588 2171 haufig
625 2124 721 2170 sind,
759 2124 877 2160 indem
913 2124 1009 2160 diese
1047 2137 1112 2160 vor
1149 2124 1371 2172 explosivem
1405 2125 1540 2161 Anlaut
1576 2138 1620 2161 zu

202 2317 224 2352 ¹)
244 2317 279 2344 In
299 2326 327 2345 v.
342 2319 378 2345 22
404 2320 483 2346 enim
510 2319 620 2355 ὄρεσιν,
642 2319 719 2355 quod
739 2319 929 2346 Hei-mannus
954 2320 1081 2346 coniecit
1106 2327 1158 2355 pro
1179 2320 1270 2355 ὄρεσι,
1296 2326 1327 2346 re
1348 2326 1418 2346 vera
1442 2319 1472 2344 in
1501 2319 1619 2355 optimis

85 2363 168 2391 libris
187 2367 289 2392 extare
309 2374 390 2392 nunc
410 2369 590 2402 compertum
612 2366 763 2394 habemus.
