1734 2492
4 22 19 35 ἐ
46 31 121 68 sive
145 33 169 68 δ’
191 31 309 68 δοκεῖ]
352 31 403 64 sic
421 28 572 64 Wielius
597 28 650 74 (H
674 27 747 75 32),
774 30 874 63 cuius
902 30 1056 74 priorem
1082 29 1322 63 coniecturam
1348 40 1430 63 cum
1448 27 1576 62 Abelio

8 76 25 85 Ἴ
47 89 169 139 probo.
196 110 241 121 .—
267 100 300 122 V.
318 86 388 122 409
415 84 517 121 codd.
535 84 619 132 πέρι
643 86 707 131 γάρ
732 82 769 131 μ’
785 85 971 134 ἐπήλυθεν.
1007 86 1233 121 Hermannus
1259 86 1416 133 scripsit:
1443 87 1507 132 γάρ
1532 83 1577 131 με’

47 144 84 184 οἳ
107 147 247 194 ἤλυθεν,
273 144 404 179 leniore
430 143 623 177 mutatione
649 142 794 176 Vossius
820 147 856 177 et
880 142 1031 177 Wielius
1065 143 1099 189 (Ι
1123 143 1201 189 24);
1226 146 1290 190 γάρ
1316 156 1378 190 μοι
1403 143 1503 191 ἑπήλ.
1530 163 1576 167 -

47 215 81 239 v.
99 202 171 238 414
194 202 422 237 Hermannus
447 200 616 246 (itemque
642 200 679 233 in
703 210 761 233 vv,
779 198 860 243 518,
881 199 983 245 1177,
1004 199 1105 247 1203,
1127 200 1233 247 1225)
1257 201 1338 236 τότε
1364 201 1515 236 mutavit
1540 201 1576 234 in

45 257 91 298 οἱ.
142 259 290 296 Abelius
323 269 405 293 eum
439 256 576 292 duobus
608 261 746 291 tantum
778 257 864 292 locis
898 257 994 305 (414,
1024 258 1130 305 1177)
1164 264 1307 293 secutus
1341 264 1404 304 est,
1443 257 1573 304 quibus

46 319 126 354 τότε
157 316 282 352 eodem
312 316 388 350 iure
420 313 565 349 defendi
594 325 697 360 posse
725 307 811 349 milii
841 315 983 350 videtur
1012 321 1117 361 atque
1149 317 1291 360 ceteris,
1323 316 1370 351 cf.
1389 320 1575 361 praeterea

47 386 104 410 W.
123 374 191 409 237
219 372 296 420 (ubi
322 372 548 406 Hermannus
575 370 782 406 Schneideri
808 373 1048 406 coniecturam
1072 374 1152 408 τότε
1177 384 1241 418 pro
1266 374 1354 408 πότε
1380 371 1573 419 probavit),

47 430 128 475 803,
147 429 225 472 856,
248 428 348 464 1070.
375 449 421 453 —
447 427 492 462 de
517 439 551 461 v.
569 427 638 461 473
664 427 710 462 cf.
727 427 814 472 2853
839 429 984 475 propius
1009 428 1055 463 ad
1082 429 1184 464 codd.
1203 430 1412 476 scripturam
1434 429 1575 464 accedit

47 487 87 525 αἳ
108 490 171 534 γὰρ
195 485 268 533 μέν,
295 497 403 532 quam
429 485 669 519 coniecturam
686 484 920 520 Schenkelius
942 485 1096 531 benigne
1118 498 1259 521 mecum
1281 487 1572 530 communicavit3

47 545 92 580 de
121 557 189 579 usu
217 542 471 590 particularum
499 540 562 587 μέν
580 569 587 577 .
608 569 615 576 .
636 569 642 576 .
663 569 670 576 .
688 540 749 577 καί
779 541 823 576 cf.
847 554 882 576 v.
908 542 952 576 12
973 554 1061 589 sqq„
1092 543 1161 576 336
1185 554 1272 588 sqq.,
1299 546 1340 577 A
1364 543 1445 588 267,
1472 546 1492 577 Ι
1514 543 1572 587 53,

22 626 29 629 »
45 614 66 648 y
89 600 170 645 351,
197 614 211 636 ι
235 599 292 644 49,
318 598 427 645 Soph.
446 598 502 634 Ai.
524 598 541 632 1
562 610 650 645 sqq„
677 598 797 642 Quint.
816 598 853 633 X
870 598 915 633 86
934 611 1022 645 sqq.‚
1041 598 1153 633 XIIII
1172 598 1239 634 125
1257 611 1334 646 sqq.
1354 599 1571 645 (Zimmerm.

46 670 81 704 p.
99 657 172 704 84).
198 678 245 683 -—
270 668 303 691 v,
321 656 390 691 507
427 655 576 690 Abelius
610 656 752 701 scripsit
784 656 893 691 δῶκεν
925 653 958 691 δ’
983 653 1045 691 ἔπι
1077 651 1171 691 οἶνον
1204 662 1239 690 et
1268 656 1466 690 adnotavit:
1503 656 1575 691 ‘gni

47 714 162 749 codd.'
205 724 314 760 quare
333 712 551 747 Guttmanno
576 711 683 748 fidem
708 711 841 747 habere
863 724 934 747 non
955 724 1110 759 possum,
1137 713 1197 758 qui
1223 724 1241 746 e
1268 712 1369 748 codd.
1390 725 1469 747 cum
1487 713 1574 747 Her-

47 772 167 807 manni
192 770 346 806 editione
375 770 501 816 (δῶκεν
526 768 566 805 δέ
590 765 640 817 οἱ)
657 791 662 810 ,-
673 769 808 804 collatis
838 769 927 804 haec
952 775 1089 804 tantum
1115 770 1218 804 affert
1248 770 1336 805 δῶκε
1362 767 1395 805 δ’
1411 769 1473 805 ἐπὶ
1499 770 1573 814 RL,

45 828 140 863 unde
157 828 213 863 Vo
232 828 344 862 solum
361 823 396 862 οἱ
414 826 585 861 exhibere
604 827 776 873 suspicari
797 826 891 861 licet.
934 826 980 861 cf.
999 839 1032 860 v,
1051 826 1117 860 961
1138 832 1173 861 et
1197 825 1298 870 1283,
1325 826 1384 861 ubi
1404 827 1575 862 Herman-

46 897 112 920 nus
138 882 199 920 ἔπι
222 886 395 918 intactum
421 883 571 930 reliquit.
598 904 644 909 ——
670 896 703 918 V.
722 883 792 918 522
817 883 1043 918 Hermannus
1074 896 1137 929 pro
1168 896 1225 919 τοι
1251 885 1329 918 ‘non
1357 883 1450 929 apto’
1478 883 1576 918 dedit

47 938 93 988 οἳ,
119 942 203 977 item
227 942 263 976 in
289 953 348 976 vv.
371 941 473 987 1116,
495 940 601 985 1312,
628 941 665 975 in
691 953 723 976 V.
746 941 811 975 177
839 940 1047 976 Schneideri
1075 941 1313 976 coniecturam
1341 937 1376 976 οἱ
1402 941 1481 987 (pro
1503 940 1574 987 τοι)

46 998 222 1045 probavit.
266 997 416 1033 Abelius
440 1010 475 1032 V.
493 997 564 1033 522
588 1003 741 1044 excepto
766 1010 848 1033 eum
873 1003 1016 1033 secutus
1042 1003 1104 1033 est.
1148 998 1312 1044 equidem
1337 1010 1382 1032 ne
1408 1010 1477 1032 uno
1503 999 1576 1043 qui-

47 1054 127 1090 dem
154 1055 242 1100 loco,
269 1067 333 1089 cur
359 1055 532 1101 particula
557 1054 773 1089 affirmativa
798 1060 882 1101 apta
907 1066 977 1090 non
1008 1056 1053 1089 sit
1078 1054 1255 1100 intellego.
1284 1076 1325 1079 -
1346 1067 1381 1089 V.
1399 1054 1467 1089 581
1487 1054 1577 1089 Her-

45 1124 196 1147 mannus
230 1124 293 1158 pro
328 1112 430 1147 codd.
456 1113 629 1158 scriptura
659 1114 835 1148 θάσσοντι
865 1111 1044 1148 σταδίοισι
1075 1113 1233 1158 reposuit
1263 1111 1417 1147 θάσσονί
1447 1109 1481 1147 οἱ
1510 1124 1576 1155 στ.,

47 1169 140 1214 quod
171 1170 341 1215 respectis
371 1170 413 1203 iis
439 1181 529 1215 quae
556 1173 766 1215 sequuntur:
796 1168 993 1217 ποδωκείης
1017 1168 1116 1204 ἕνεκα
1142 1174 1232 1217 σφῆς
1260 1168 1453 1214 tautologia
1483 1168 1577 1204 labo-

45 1231 115 1270 rat;
154 1225 278 1261 melior
318 1231 372 1261 est
404 1226 524 1262 Wielii
555 1226 696 1262 medela
729 1226 763 1274 (Ι
795 1226 857 1273 46)
893 1226 1020 1262 Abelio
1055 1239 1195 1273 quoque
1228 1226 1394 1273 probata:
1432 1227 1577 1274 ᾄσσοντι

47 1282 237 1319 σταδίοισι.
263 1305 309 1310 —
334 1297 368 1318 v.
388 1284 456 1319 588
484 1284 562 1319 cod.
581 1284 753 1319 exhibent
770 1286 874 1327 αὐτὸς
891 1282 924 1320 δ’
940 1285 1117 1330 εὐκαμπὲς
1133 1285 1219 1329 λάβε
1238 1283 1340 1326 τόξον
1365 1282 1420 1328 ἠδ’
1446 1282 1511 1330 (ἰδ’
1529 1284 1576 1331 R)

46 1337 102 1387 ἄρ’
126 1341 275 1385 ὀιστούς,
310 1341 395 1377 dett.
421 1340 524 1383 τόξον
557 1342 673 1387 λάβεν.
725 1342 952 1377 Hermannus
986 1341 1142 1376 offensus
1175 1342 1210 1376 in
1245 1341 1311 1388 ἄρα
1346 1342 1575 1388 ‘ineptissime

45 1398 170 1443 posito'
202 1398 301 1433 dedit
329 1399 416 1443 λάβε
446 1393 483 1434 οἷ
504 1398 607 1441 τόξον
630 1398 689 1434 καὶ
714 1400 744 1434 ὀ.
793 1397 850 1448 ἠδ’
874 1399 940 1446 ἄρα
965 1399 1115 1433 fortasse
1141 1399 1266 1433 eodem
1292 1398 1396 1434 modo
1422 1399 1493 1433 dici
1519 1411 1575 1445 po-

45 1455 122 1499 tuit,
157 1467 225 1501 quo
250 1453 282 1490 τ’
300 1456 366 1502 ἄρα
400 1455 534 1490 dictum
568 1461 620 1490 est
652 1456 698 1490 ab
725 1456 879 1491 Homero
913 1455 975 1502 (ef.
1001 1458 1044 1490 Α
1067 1455 1148 1501 465,
1175 1464 1199 1501 'y
1223 1455 1304 1500 462,
1330 1470 1356 1502 μ
1381 1455 1478 1502 365),
1513 1455 1576 1490 sed

44 1511 183 1547 laborat
208 1518 371 1559 metrum,
399 1513 455 1547 cui
477 1513 611 1548 leniore
633 1514 827 1548 mutatione
850 1514 1088 1548 succurrimus
1106 1512 1344 1560 Ludwichii1)
1372 1513 1577 1547 coniectura

44 1574 209 1615 accepta:
235 1573 298 1605 σὺν
322 1567 356 1605 δ’
372 1568 428 1617 ἄρ’
444 1570 474 1605 δ’.
501 1591 547 1595 -
572 1582 606 1604 V.
627 1569 696 1604 603
721 1583 807 1605 num
831 1571 867 1604 in
893 1570 1024 1612 verbis,
1050 1582 1140 1616 quae
1160 1569 1287 1604 Abelio
1313 1575 1401 1604 teste
1428 1571 1464 1604 in
1490 1571 1576 1617 opti-

44 1626 111 1661 mis
134 1626 236 1661 codd.
255 1627 436 1673 leguntur:
463 1627 555 1675 ὄφρα
579 1640 617 1662 κε
641 1626 856 1673 μειλίξαιντο
880 1626 1086 1670 εὐοινίστοις
1109 1627 1322 1672 ἐπιλοιβαῖς,
1348 1627 1494 1662 offensio
1521 1628 1575 1671 sit,

44 1683 73 1716 si
98 1683 203 1718 modo
229 1682 434 1729 μειλίξαιντ’
461 1685 656 1731 scripseris,
683 1684 818 1719 dubito.
860 1683 1052 1726 εὒοίνιστος
1077 1689 1173 1718 certe
1199 1683 1344 1718 defendi
1369 1684 1455 1718 mihi
1480 1684 1576 1718 vide-

43 1744 101 1775 tur
124 1740 300 1776 vocabulo
326 1741 530 1790 οἰνιστήρια,
557 1742 656 1776 cuius
681 1742 881 1777 testimonia
903 1741 987 1776 vide
1009 1742 1045 1776 in
1063 1740 1234 1788 Stephani
1255 1740 1433 1785 thesauro,
1460 1753 1575 1787 neque

1190 1801 1244 1831 οις

42 1835 147 1871 ullius
181 1838 348 1872 momenti
382 1842 452 1882 est,
486 1836 581 1883 quod
615 1836 836 1872 Guttmanno
868 1841 959 1871 teste
993 1837 1025 1871 R
1057 1835 1261 1879 ἐοινίσταις,
1296 1836 1351 1870 Vo
1384 1836 1576 1879 εὐνοΐστοις

43 1905 134 1928 corr.
151 1893 197 1929 ab
215 1894 328 1929 altera
353 1906 460 1929 manu
484 1895 522 1929 in
545 1893 774 1938 εὐοινοίστοις
798 1893 949 1941 praebet
974 1893 1015 1941 (S
1036 1893 1254 1940 ἒυνοΐσταις).
1297 1905 1403 1940 quam
1429 1893 1475 1929 ob
1500 1906 1576 1929 rem

42 1962 159 1997 neque
193 1951 443 1987 Rosenboomii
476 1953 680 1987 coniectura
714 1953 764 1998 (p.
793 1951 859 1986 108
887 1951 957 1998 sq.)
991 1948 1213 1994 ἐυσπείστοις
1246 1963 1334 1997 opus
1367 1962 1444 1985 esse
1477 1956 1574 1997 puto,

43 2019 151 2054 quam
180 2008 350 2044 leniorem
381 2022 457 2045 esse
482 2009 751 2045 Hermanniana
782 2008 827 2044 ab
854 2008 982 2044 Abelio
1012 2014 1157 2055 recepta
1186 2007 1400 2054 μειλίξαιντό
1424 2004 1460 2043 οἶ
1483 2007 1577 2043 εὐοί-

41 2077 115 2108 νοις
140 2067 308 2101 concedo.
328 2088 373 2092 —
399 2067 494 2112 quod
519 2067 565 2101 ad
591 2080 625 2102 v.
644 2066 714 2101 685
739 2066 891 2101 adtinet:
917 2066 1006 2101 ἀλλὰ
1027 2066 1269 2111 κατειρύμεναι
1291 2063 1426 2110 ἀνέμων
1447 2066 1575 2113 ἀργῆσ-

41 2132 98 2157 σιν
114 2121 254 2166 ἀέλλαις
275 2123 280 2170 Ι
302 2122 493 2172 ξυμβλῆτες
510 2122 705 2159 πίπτουσιν
721 2120 781 2159 ἐπ’
799 2123 987 2171 ἀλλήλῃσιν
1005 2122 1133 2168 ἰοῦσαι,
1153 2121 1280 2157 Wielio
1300 2133 1440 2168 quoque
1460 2121 1494 2167 (Ι
1514 2121 1573 2168 19)

157 2276 178 2312 ¹)
208 2277 401 2314 ‘Streifzuege
431 2279 462 2305 in
492 2278 682 2314 entlegenere
707 2277 832 2305 Gcbiete
862 2277 888 2304 d.
912 2275 1021 2313 griech.
1048 2275 1303 2312 Literaturgesch.’
1339 2275 1574 2312 Koenigsberger

41 2321 164 2351 Studien
184 2325 198 2351 I
219 2326 318 2363 (1887)
340 2336 367 2362 p.
383 2328 418 2354 65
439 2336 468 2354 n.
486 2329 510 2353 1.
