1714 2583
86 68 203 107 dicit:
239 70 381 104 ‘Besser
407 68 522 103 denkt
547 79 631 102 man
658 66 728 101 den
754 65 985 111 Relativsatz‚
1020 80 1081 103 um
1107 69 1204 103 seine
1228 60 1461 115 begruenden

100 141 146 163 zu
171 128 368 170 erkennen‚
402 126 500 160 fuers
526 130 620 159 erste
646 123 918 158 demonstrativ:
952 124 1182 170 mirabamur,
1216 126 1286 161 tale
1311 122 1516 171 accidet-af,
1534 124 1573 165 ‘h

100 185 275 220 rationem
308 195 379 217 non
413 182 542 228 pr0b03
578 180 639 216 sed
666 179 875 215 recordatus
900 173 975 223 οἶος
1000 193 1106 228 saepe
1132 182 1169 216 in
1201 182 1521 221 exclamationibus
1544 198 1569 221 u

101 241 216 289 pari¹)
250 245 336 287 puto
370 239 668 274 exclamationem
701 238 803 272 iuxta
836 236 988 272 verbum
1014 238 1167 273 mirandi
1193 238 1251 273 vel
1282 240 1393 275 simile
1419 240 1552 288 aliquid
1579 243 1617 290 (o

102 301 133 333 P
156 298 223 332 173
258 302 318 332 σεῦ
353 299 539 344 ὠνοσάμην
572 295 712 342 φρένας,
745 289 821 330 οἷον
854 292 993 340 ἔειπας)
1028 297 1190 342 positam,
1226 309 1307 332 cum
1341 297 1532 334 subiuncta
1564 312 1641 336 esse
1668 301 1671 305 ’

101 355 296 400 videretur,
323 366 448 389 ansam
474 353 578 389 huius
604 365 688 388 usus
714 352 922 400 praebuisse
948 352 1102 400 indeque
1127 352 1264 389 factum
1291 367 1379 398 esse,
1410 359 1449 390 ut
1473 367 1544 391 non
1568 350 1644 402 οἶος

102 419 138 449 et
162 412 246 456 ὅσος
271 418 421 456 tantum,
454 411 517 447 sed
544 411 696 457 simplex
723 422 864 457 quoque
890 410 1080 446 relativum
1104 412 1141 446 in
1167 413 1445 459 quaestionibus,
1479 425 1571 460 quae
1595 414 1642 458 ab

103 471 214 505 altero
240 471 423 504 enuntiato
449 469 618 515 pendent,
653 468 869 514 pronominis
895 468 1140 514 interrogativi
1165 469 1242 503 loco
1272 475 1513 516 usurparetur.
1562 480 1642 509 raro
1694 490 1696 492 ·

103 528 139 564 id
165 528 301 563 factum
327 540 404 562 esse
432 531 711 562 consentaneum
737 531 805 567 est;
832 524 895 560 sed
921 524 966 560 de
992 538 1059 561 usu
1083 527 1160 573 ipso
1187 526 1343 562 dubitari
1367 528 1502 575 nequit.

219 585 343 620 Altera
370 597 464 619 nunc
491 585 601 619 oritur
627 583 800 629 quaestio,
826 588 946 617 utrum
970 583 1113 618 labente
1140 589 1255 619 aetate
1281 584 1442 619 crebrius
1467 598 1513 620 an
1531 587 1645 621 rarius

103 643 139 678 id
175 641 371 677 admissum
407 642 467 687 sit,
502 646 620 675 utrum
654 639 980 685 Argonauticorum
1014 641 1165 687 scriptor
1198 653 1217 675 e
1254 646 1415 676 veterum
1453 642 1489 677 in
1522 643 1646 689 primis
1687 662 1714 676 -,

104 701 253 735 Homeri
278 700 474 734 imitatione
501 712 547 733 an
574 710 592 732 e
619 710 762 733 suorum
788 703 988 744 temporum
1014 710 1175 733 sermone
1202 711 1283 734 eum
1308 712 1413 735 usum
1437 699 1604 736 hauserit.
1618 701 1645 748 ²)

103 758 224 803 itaque
256 756 472 790 accedamus
506 756 551 789 ad
587 755 913 799 Argonauticorum
945 755 1058 798 locos,
1094 756 1155 801 qui
1187 755 1258 790 huc
1291 757 1481 801 pertinent,
1516 758 1646 792 exami-

104 813 252 849 nandos.
302 813 400 848 nulla
435 812 608 847 dubitatio
644 824 721 846 esse
753 810 897 846 videtur
930 811 974 846 de
1001 825 1033 847 v,
1053 812 1122 846 477
1157 812 1247 848 ἀλλὰ
1280 811 1315 849 τί
1347 825 1405 849 σοι
1430 812 1512 864 περὶ
1535 810 1645 851 τῶνδε
1696 843 1699 849 ,

105 872 215 907 πολὺν
240 872 344 916 λόγον
369 871 534 918 ἀμφαδὸν
559 871 684 913 εἰπεῖν,
709 870 713 915 Ι
735 869 842 905 ὅσσον
867 867 924 916 ἐφ’
941 870 1062 916 ἵμερον
1078 869 1187 917 ὦρσεν
1212 873 1355 917 ἀγαυαΐς
1371 871 1644 920 ΛημνιάδεσσιΙ

104 929 254 999 Κύπρις.
269 928 297 997 ξ)
333 929 366 962 in
395 941 428 962 v.
449 928 519 962 859
554 927 831 974 παραδρομάδην
864 929 1050 973 ἀγορεύσω,
1084 928 1088 973 1
1119 922 1178 963 οιά
1211 941 1277 975 περ
1311 929 1496 976 αἰνομόροι
1524 930 1647 965 πάθον
1694 955 1696 957 »

104 985 160 1036 ἡδ’
186 985 240 1022 ὅσ)
266 984 386 1032 ἔρεξαν
409 986 413 1031 Ι
436 987 483 1029 ὣς
516 983 548 1021 τ’
574 987 734 1032 ἄψορρος
767 982 883 1031 όρουσ’
910 990 944 1019 et
982 985 1070 1019 1348
1090 998 1165 1032 sqq.
1196 1000 1232 1022 τι
1257 998 1343 1022 σοι.
1391 985 1646 1034 .ἑξαγορεύσω,

105 1046 164 1079 οἱα
181 1047 305 1079 πάθον
324 1046 500 1092 Μινιῃσιν
517 1043 631 1089 ὁμοῖ.
651 1040 733 1089 .ἠδ’
751 1044 798 1085 ὡς
814 1041 1039 1083 εξεσάωθεν.
1056 1042 1172 1078 ,ὅσσα
1198 1056 1219 1077 τ
1248 1040 1302 1090 ἄρ’
1318 1044 1356 1079 ἐν
1380 1045 1498 1093 Κρήτῃ
1523 1046 1648 1080 πάθον

104 1103 417 1147 interrogationem
445 1113 521 1135 esse
548 1100 773 1134 statuendam
799 1100 990 1134 enuntiatis
1008 1100 1054 1135 ab
1081 1101 1128 1143 ὡς
1145 1101 1397 1147 incipientibus
1415 1101 1534 1136 evinci
1552 1106 1647 1148 puto.

105 1172 221 1206 neque
255 1159 357 1194 aliter
384 1158 543 1192 iudicare
569 1157 653 1191 licet
679 1157 723 1191 dc
751 1169 783 1191 V.
807 1157 895 1191 1227
928 1159 969 1192 οὐ
999 1159 1062 1204 γάρ
1087 1171 1143 1193 τοι
1168 1158 1381 1202 λελάθεσθε,
1411 1158 1561 1204 τᾶντερ’)
1592 1157 1647 1205 ῥέ-

105 1217 226 1259 ξαντες
257 1218 414 1251 ἱκνεῖσθε
437 1217 440 1259 Ι
464 1220 568 1263 νῆσον
593 1212 650 1262 ἐφ’
668 1214 845 1261 ἡμετέρην,
874 1215 901 1248 si
921 1214 1072 1249 Gesneri
1098 1216 1280 1261 sequimur
1305 1216 1645 1262 interpretationem:

107 1277 234 1320 ‘neque
253 1274 347 1307 enim
367 1285 429 1307 nos
454 1272 554 1317 fugit'
582 1271 798 1318 (i11tellegas:
826 1271 954 1317 quibus
972 1272 1079 1306 rebus
1098 1274 1313 1318 perpetratis
1329 1272 1376 1307 ad
1395 1284 1451 1307 me
1468 1272 1646 1319 veniatis),

106 1331 152 1366 ad
180 1343 286 1378 quam
311 1330 562 1365 stabiliendam
581 1329 699 1364 afferri
718 1334 880 1375 possunt:
907 1328 1024 1376 Apoll.
1043 1329 1098 1364 ΙΙΙ
1118 1329 1184 1365 737
1212 1329 1305 1379 ὄφρα
1320 1335 1448 1380 τοκῆας
1470 1330 1474 1378 Ι
1497 1331 1646 1378 λήσομαι

106 1390 302 1431 ἐντύνουσα,
313 1389 341 1428 ἡ
366 1388 451 1422 Hes.
472 1388 606 1433 Theog.
625 1388 693 1421 471
712 1387 904 1423 λελάθοιτο
921 1393 1081 1432 τεκοῦσα,
1102 1388 1233 1424 Herod.
1252 1388 1327 1423 IIII
1348 1388 1425 1435 106,
1447 1388 1490 1423 16
1511 1388 1648 1431 ἐδόκεες

107 1447 224 1495 λήσειν
249 1449 329 1489 τοὺς
351 1448 470 1490 θεούς,
497 1440 555 1480 οἷα
572 1446 742 1492 ε’μηχάνεο
759 1446 840 1480 τότε
864 1445 924 1491 (cf.
945 1445 1125 1491 Aristoph.
1144 1445 1211 1492 Eq.
1230 1446 1328 1492 464).
1358 1445 1422 1480 sed
1448 1458 1529 1480 cum
1546 1457 1647 1480 accu-

108 1505 244 1539 sativus
277 1503 421 1538 additus
455 1515 524 1537 non
552 1503 596 1536 sit
630 1502 691 1549 (cf.
711 1515 744 1537 v.
767 1501 885 1549 1035),
919 1503 1039 1537 nescio
1074 1515 1119 1537 an
1154 1507 1311 1549 praestet
1341 1503 1534 1550 simplicior
1558 1502 1648 1536 Her-

108 1562 228 1596 manni
255 1561 462 1606 explicatio:
498 1561 590 1601 ‘non,
626 1565 722 1604 puto,
758 1559 855 1593 obliti
883 1560 978 1603 estis,
1014 1572 1083 1606 quo
1118 1566 1323 1606 perpetrato
1349 1561 1507 1595 facinore
1533 1571 1649 1594 meam

108 1619 154 1652 ad
191 1617 343 1652 insulam
369 1645 374 1651 .
396 1645 403 1651 .
428 1617 619 1651 veneritis‘.
672 1621 747 1650 tum
783 1628 868 1650 vero
902 1616 1023 1650 verbis
1056 1617 1196 1662 graecis
1230 1622 1397 1651 accurate
1432 1615 1649 1663 respondent

108 1676 213 1710 haec:
241 1679 321 1709 ‘non
347 1675 445 1709 obliti
471 1675 555 1708 estis
582 1674 746 1720 (eorum),
774 1673 901 1719 quibus
929 1675 1142 1720 perpetratis
1161 1701 1168 1709 .
1190 1703 1195 1709 .
1216 1675 1369 1719 venitis',
1406 1675 1455 1709 ita
1486 1678 1526 1709 ut
1549 1674 1647 1708 locus
1703 1693 1707 1702 κ

109 1733 266 1768 eiusdem
293 1733 432 1777 generis
458 1733 513 1776 sit,
541 1733 597 1766 cui
624 1743 733 1777 supra
759 1744 792 1766 v.
815 1731 904 1765 1333
930 1730 1231 1778 adscripsimusss)
1272 1737 1395 1766 contra
1419 1730 1647 1777 interrogatio

226 1851 245 1885 ¹)
267 1850 310 1876 Cf.
326 1852 354 1876 E
373 1850 438 1882 601,
463 1850 486 1873 Θ
511 1850 571 1879 152,
594 1857 611 1874 ν
635 1848 697 1880 140,
719 1857 735 1883 ρ
757 1848 812 1874 248
835 1850 864 1874 et
884 1847 965 1874 locos
985 1856 1004 1874 a
1024 1848 1184 1875 Kuehnero
1205 1849 1233 1875 ΙΙ
1253 1858 1280 1883 p.
1297 1849 1352 1875 943
1373 1851 1543 1883 congestos3
1563 1847 1649 1876 ποῖος

109 1906 226 1934 quoque
247 1898 278 1924 in
299 1896 564 1924 exclamationibus
584 1895 719 1930 usurpari
740 1894 878 1922 Karlowa
899 1904 925 1930 p.
945 1895 977 1921 15
999 1904 1027 1922 n.
1042 1898 1156 1923 monet:
1178 1905 1196 1923 α
1218 1897 1263 1930 64,
1283 1898 1303 1930 β
1323 1896 1368 1930 85,
1390 1895 1463 1923 Call.
1479 1896 1505 1922 V
1527 1895 1590 1922 107.

224 1945 247 1980 ²)
276 1945 343 1971 Vim
375 1945 617 1979 interrogativam
646 1943 826 1978 pronominis
852 1943 932 1973 ὅστις
957 1943 1053 1978 priore
1084 1947 1166 1979 parte
1193 1944 1412 1980 compositionis
1437 1946 1582 1976 constare,
1606 1950 1649 1971 τις
1703 1939 1714 1965 ’3

110 2002 270 2028 pronomen
292 1992 477 2018 indefinitum
501 2000 564 2017 esse
585 1991 724 2017 Karlowa
746 1994 775 2017 et
796 1991 969 2017 Frenzelius
990 1991 1029 2026 (p.
1045 1991 1095 2026 69)
1117 1992 1307 2018 contendunt.

225 2041 247 2075 ³)
274 2040 391 2067 Sitzleri
419 2040 590 2066 coniectura
616 2039 707 2065 ὅσσον
732 2036 786 2074 ’ὑφ’
806 2038 914 2075 ἵμερον
941 2047 1013 2074 opus
1039 2047 1099 2065 non
1125 2047 1189 2066 esse
1215 2039 1336 2075 adparet
1362 2038 1470 2066 collato
1500 2022 1662 2074 Apollonii*
1682 2038 1683 2041 ’
1701 2043 1707 2053 ³

110 2091 184 2122 loco,
206 2091 256 2124 qui
278 2089 313 2115 de
334 2088 436 2114 eadem
459 2096 489 2113 re
511 2087 694 2121 conscriptus
715 2090 760 2112 est
780 2086 793 2112 I
814 2087 870 2113 850
891 2085 1008 2123 Κύπρις
1031 2088 1089 2123 γὰρ
1111 2087 1159 2114 ἐπὶ.
1181 2087 1293 2124 γλυκὺν
1315 2088 1423 2124 ἵμερον
1443 2082 1546 2123 ὦρσεν.

225 2137 247 2171 ⁴)
269 2138 363 2171 τάπερ
384 2138 463 2161 recte
486 2135 674 2161 Hei-mannus
696 2142 746 2169 pro
768 2142 803 2160 eo
824 2134 902 2169 quod
924 2138 967 2160 est
989 2135 1018 2160 in
1040 2134 1122 2161 libris
1143 2136 1218 2172 ἅπερ
1239 2136 1379 2170 reposuit.

225 2185 247 2218 ⁵)
276 2184 480 2210 Hermannum
506 2185 602 2209 ratum
629 2182 715 2208 metri
742 2190 831 2208 causa
857 2181 954 2208 locum
980 2183 1185 2218 corrigendum
1212 2191 1276 2210 esse
1302 2183 1401 2219 opinio
1427 2181 1546 2215 fefellit3
1572 2179 1649 2217 quod
1681 2190 1684 2194 ·

110 2233 261 2269 proposuit
283 2232 385 2267 (Orph.
403 2240 429 2267 p.
446 2231 526 2266 734):
548 2230 690 2266 λήσομεν,
713 2230 748 2256 iis
769 2238 845 2265 quae
866 2234 1029 2265 sequuntur
1049 2230 1197 2266 (εἴσομαι)
1219 2240 1320 2267 parum
1342 2230 1573 2257 commendatur.

225 2279 248 2314 6)
271 2280 312 2306 Ut
326 2279 477 2314 Apollonii
498 2278 595 2305 locum
617 2278 737 2305 dubium
759 2278 898 2311 adferam,
920 2278 1028 2313 legitur
1048 2279 1076 2305 II
1093 2279 1166 2305 1180
1187 2278 1223 2305 οὐ
1243 2278 1280 2305 δέ
1298 2287 1355 2314 μιν
1369 2279 1456 2312 (Δία)
1471 2276 1580 2314 ἄνδρες
1599 2274 1649 2310 λή-

111 2329 211 2363 θομεν
231 2326 368 2363 ἔμπεδον
389 2327 421 2353 οἵ
439 2335 467 2354 τε
490 2325 632 2356 θεουδέες
653 2325 724 2353 οὐδὲ
746 2324 872 2359 δίκαιοις
893 2325 1060 2353 Brunckius
1080 2325 1175 2353 voluit
1195 2325 1248 2361 ἠδὲ
1269 2325 1307 2359 δῖ,
1327 2326 1507 2353 Matthiaeus
1527 2324 1560 2352 οἵ
1574 2331 1605 2351 τε
1618 2322 1649 2349 θ.
1676 2337 1699 2361 xv

111 2376 144 2403 οἵ
160 2373 185 2403 τ’
200 2375 339 2411 ἄλιτηροί
356 2374 431 2410 (sive
447 2396 452 2402 .
469 2396 474 2401 .
490 2396 495 2401 .
512 2374 595 2410 sive).

1630 2514 1638 2526 s

1646 2521 1658 2534 d

1679 2470 1682 2479 ,
1681 2364 1688 2372 ,

1690 2405 1701 2418 ·“
1690 2252 1714 2383 ‘uum-aa:
1693 2189 1714 2239 ’,εἵμ
1692 2164 1696 2170 ”
1712 2072 1714 2075 .
1711 2046 1714 2054 .
1705 2017 1714 2026 .-
