1734 2492
0 0 88 64 ἕν’-’ἦ
181 12 232 50 Ut
254 14 326 49 iam
350 12 396 48 de
412 12 498 48 locis
523 10 641 47 dubiis
666 21 856 56 exponam,
881 11 917 44 in
943 22 977 45 v.
995 9 1066 45 290
1082 10 1232 57 ἄροισθε
1258 9 1326 58 (sic
1343 8 1451 53 RSV,
1479 9 1605 57 reliqui

0 67 219 121 ἄρησθε)
253 69 528 118 praeferendum
560 79 638 103 esse
664 67 816 112 videtur,
852 79 933 102 cum
958 67 1196 114 praecedente
1227 72 1387 114 tempore
1412 68 1605 114 praeterito

66 124 150 166 'cum
182 125 364 177 particulis
396 140 454 163 κεν
490 125 549 161 vel
582 126 625 161 ἄν
656 123 866 172 plerumque
900 126 1078 172 optativus
1108 126 1352 172 coniungatur.
1403 125 1440 160 in
1473 137 1507 160 v,
1535 124 1603 160 647

0 186 171 224 πέλοι
200 186 428 222 scribendum
460 195 538 219 esse
563 183 791 218 Hermannus
816 182 902 217 mihi
934 184 1109 229 persuasit
1134 183 1187 217 his
1213 182 1349 217 verbis:
1393 183 1474 230 (εἴη,
1509 183 1604 229 quod

1 258 10 278 ,τ
53 257 88 280 -e
113 244 190 280 cod.
212 242 355 279 Ruhnk.
378 241 514 288 recepit
539 238 789 284 Schneiderus‚
823 239 1013 275 manifesta
1037 241 1278 287 interpretatio
1304 245 1368 285 est,
1395 252 1486 287 quae
1511 240 1605 275 hanc

1 305 24 324 Ὗ
69 306 165 337 certe
189 301 377 336 utilitatem
403 299 521 343 habet,
551 302 591 332 ut
615 297 699 332 inde
729 296 831 332 πέλοι
858 297 1030 343 scriptum
1055 297 1162 332 fuisse
1188 310 1209 332 a
1243 304 1349 343 poeta
1375 298 1603 334 coniciamus’

69 395 141 444 (Vo
173 395 283 431 habet
315 366 442 441 πέλεῖ).
493 391 632 428 accedit
664 391 759 438 quod
792 403 933 439 semper
966 392 1212 427 coniunctivus
1246 392 1365 427 aoristi
1398 398 1602 440 usurpatur,

0 452 11 490 ζ
68 458 191 489 contra
215 453 413 499 praesentis
438 462 577 497 quoque
602 450 797 496 optativus3
824 449 869 484 ef.
890 449 969 494 191,
987 449 1068 491 449,
1087 449 1199 496 (691),
1220 450 1300 495 796,
1321 450 1423 495 1303,
1449 452 1603 498 denique
1665 451 1670 456 ’

67 510 148 557 603,
173 511 242 545 nisi
257 509 307 545 ibi
332 508 475 543 lectioni
499 507 673 542 librorum
690 506 772 541 SVo
797 505 956 542 ἀλέοιντο
982 511 1128 553 propter
1145 507 1364 553 praecedens
1389 507 1603 554 μειλίξαιντο

0 559 12 567 '⁸
66 563 341 617 praeferendum
366 572 420 602 est
445 566 539 613 quod
564 565 632 600 RV
657 564 832 612 praebent
856 563 1027 601 ἀλέαιντο.

182 626 345 672 Adparet
377 636 424 658 ex
456 623 525 658 hac
558 622 682 657 tabula
714 622 1038 668 Argonauticorum
1072 623 1282 668 scriptorem
1316 623 1426 658 multo
1461 625 1602 671 saepius

23 691 25 694 '
67 694 176 730 quam
208 682 363 728 reliquos
397 681 516 727 epicos
549 680 763 726 posteriores
795 678 1002 714 adhibuisse
1034 692 1093 714 κεν
1117 679 1174 713 vel
1209 679 1259 714 ἄν.
1311 680 1374 715 sed
1408 680 1604 716 Homerum

0 746 7 754 ·
67 741 221 775 imitatus
246 739 336 774 adeo
362 739 399 773 in
425 743 574 772 externa
598 749 718 771 rerum
743 737 863 783 specie
887 736 1012 781 haesit,
1046 742 1086 771 ut
1110 736 1221 771 multo
1247 737 1388 783 saepius
1413 749 1519 784 quam
1545 738 1603 773 ille

68 809 129 832 eas
153 796 346 844 particulas
376 795 616 842 praecedente
649 799 808 841 tempore
833 794 1024 840 praeterito
1050 799 1196 840 poneret
1220 806 1264 828 ac
1289 794 1497 841 plerumque
1523 808 1604 830 cum

66 855 224 901 optativo
251 854 493 898 coniungeret,
529 851 624 898 quod
648 852 828 886 rarissime
854 851 894 885 fit
919 850 1016 898 apud
1043 850 1248 887 Homerum.
1300 863 1385 886 num
1410 853 1519 898 igitur
1543 853 1604 887 du-

66 911 268 955 bitabimus,
296 911 381 957 quin
404 909 484 943 talis
501 914 608 956 poeta
625 910 849 943 coniunctivo
867 913 902 942 et
918 909 1074 954 optativo
1092 908 1293 954 promiscue
1310 921 1395 943 usus
1421 909 1476 954 sit,
1501 910 1550 944 ita
1567 915 1606 944 ut

66 967 269 1004 discrimine
287 967 382 1002 nullo
401 967 588 1002 observato
607 967 803 1012 optativum
820 966 977 1001 Homero
995 965 1214 1001 usitatiorem
1232 967 1372 1013 saepius
1397 978 1504 1013 quam
1523 979 1552 1002 e.
1571 979 1604 1013 g.

0 1014 2 1016 v
67 1025 220 1069 Quintus
237 1024 450 1059 admitteret.
471 1029 505 1058 et
522 1036 560 1058 re
578 1036 665 1057 vera
682 1035 944 1069 quamcumque
963 1024 1178 1057 coniunctivi
1196 1023 1470 1069 explicationem
1487 1037 1509 1059 a
1522 1026 1606 1059 viris

67 1081 180 1116 doctis
197 1086 364 1116 statutam
384 1080 444 1127 (cf.
464 1080 601 1115 Weber
625 1080 643 1114 I
660 1080 704 1115 51
725 1092 814 1127 sqq„
840 1080 996 1126 Vogrinz
1021 1079 1043 1115 l.
1063 1092 1089 1114 s.
1110 1092 1140 1114 c.
1158 1092 1192 1126 p.
1212 1079 1280 1114 377
1300 1080 1392 1127 sqq.)
1419 1081 1606 1128 amplexus

67 1140 146 1184 eris,
171 1138 305 1173 nullam
323 1138 486 1173 omnibus
511 1138 616 1172 huius
634 1139 800 1172 carminis
825 1137 912 1172 locis
931 1138 1122 1172 convenire
1147 1137 1252 1172 facile
1270 1137 1334 1172 tibi
1359 1139 1604 1184 persuadebis.

180 1195 299 1230 Unum
323 1200 512 1241 praeterea
538 1206 816 1229 commemorare
841 1194 958 1229 liceat.
994 1195 1243 1229 coniunctivus
1269 1200 1349 1241 post
1373 1196 1606 1241 praeteritum

67 1253 246 1287 invenitur
279 1252 375 1299 apud
409 1252 617 1296 Homerum,
650 1251 858 1297 Hesiodum,
892 1251 1099 1296 Pindarum,
1134 1256 1258 1299 poetas
1291 1252 1458 1298 tragicos,
1492 1254 1606 1287 rarius

67 1315 187 1344 tamen
219 1321 283 1355 pro
307 1321 455 1344 numero
488 1309 658 1353 locorum,
693 1309 823 1355 quibus
848 1310 1025 1355 optativus
1058 1309 1197 1353 legitur.
1249 1308 1424 1343 fluctuant
1449 1315 1605 1345 oratores

67 1366 177 1412 attici,
194 1366 243 1401 ita
260 1371 300 1401 ut
318 1371 514 1412 aequentur
531 1366 606 1401 fere
623 1366 715 1401 inter
733 1377 770 1400 se
784 1366 1029 1400 coniunctivus
1047 1370 1082 1399 et
1099 1366 1289 1411 optativus.
1316 1365 1418 1401 Plato
1436 1371 1471 1401 et
1488 1366 1605 1401 Xeno-

67 1422 163 1470 phon
189 1424 386 1470 optativum
410 1423 635 1470 praeferunt3
673 1423 771 1470 apud
795 1423 1018 1458 Herodotum
1042 1427 1161 1458 autem
1188 1428 1223 1458 et
1249 1422 1499 1470 Thucydidem
1526 1436 1604 1459 con-

66 1481 244 1515 iunctivus
262 1482 460 1527 optativum
477 1487 623 1527 superat
640 1481 702 1528 (cf.
721 1480 857 1516 Weber
875 1480 911 1515 II
931 1480 997 1515 103
1016 1481 1124 1527 sqq),
1149 1480 1359 1515 Aristoteles
1377 1493 1516 1528 semper
1531 1482 1606 1516 fere

68 1539 334 1575 coniunctivum
360 1538 470 1574 habet
495 1538 649 1586 (Weber
672 1551 706 1586 p.
726 1538 803 1586 25);
846 1538 1018 1585 Polybius
1051 1540 1087 1573 in
1114 1539 1270 1585 quinque
1303 1538 1481 1586 prioribus
1505 1538 1605 1574 libris

68 1596 179 1631 semel
208 1598 416 1643 optativum,
442 1598 562 1632 tricies
590 1596 699 1631 semel
726 1597 994 1631 coniunctivum
1019 1597 1206 1642 usurpavit
1244 1596 1421 1642 (Kaelker
1453 1609 1487 1643 p.
1506 1596 1604 1643 288).

67 1653 187 1688 nescio
204 1666 249 1688 an
271 1653 367 1699 inde,
394 1654 489 1701 quod
506 1654 664 1689 historici
682 1654 787 1701 primi
806 1654 1070 1688 coniunctivum
1094 1654 1235 1699 saepius
1253 1653 1473 1689 admiserunt
1498 1666 1606 1700 quam

69 1711 277 1757 optativum,
303 1711 438 1758 aliquid
460 1711 637 1747 redundet
661 1711 708 1746 ad
733 1711 990 1746 aestimandam
1016 1712 1248 1757 posteriorum
1274 1712 1455 1758 epicorum
1480 1717 1604 1747 artem.

69 1779 116 1802 ex
132 1767 200 1803 567
220 1770 409 1803 enuntiatis
427 1769 593 1804 finalibus
607 1769 808 1804 Homericis
824 1768 891 1803 176
908 1768 982 1802 fere
1001 1774 1143 1814 tempus
1161 1769 1391 1815 praeteritum
1410 1775 1607 1815 sequuntur

69 1824 222 1872 (Weber
237 1825 256 1861 I
272 1825 347 1873 50),
375 1838 420 1861 ex
441 1825 508 1861 193
526 1825 739 1861 Herodoteis
766 1825 825 1872 (cf.
844 1824 980 1861 Weber
1004 1824 1125 1872 1134)
1154 1825 1232 1870 133,
1260 1838 1307 1860 ex
1330 1825 1397 1860 277
1426 1826 1605 1873 Thucydi-

70 1881 145 1917 deis
170 1882 241 1918 225
267 1883 329 1930 (cf.
353 1883 489 1919 Weber
519 1884 557 1918 II
582 1883 604 1918 9
622 1883 702 1930 sq.).
752 1885 788 1918 in
814 1884 982 1927 carmine,
1010 1883 1106 1929 quod
1132 1888 1343 1929 tractamus,
1370 1896 1417 1919 ex
1446 1884 1486 1918 31
1518 1886 1606 1919 eius-

68 1939 166 1975 modi
196 1941 387 1976 enuntiatis
417 1946 558 1988 tempus
589 1941 819 1988 praeteritum
850 1941 1035 1988 excipiunt
1060 1940 1116 1975 27.
1159 1940 1262 1975 vides
1292 1942 1439 1988 periisse
1465 1942 1606 1988 epicum

68 1996 168 2033 illum
193 1997 362 2043 colorem3
404 2011 473 2034 non
504 2000 575 2034 iam
603 2004 678 2034 tam
703 2011 809 2046 saepe
834 2011 891 2034 res
916 2003 1122 2045 praesentes
1148 1998 1396 2044 narrabantur,
1431 2011 1606 2046 personae

20 2061 21 2066 ’
68 2054 179 2101 ipsae,
210 2055 297 2102 quid
322 2056 465 2101 vellent,
493 2056 653 2091 dicentes
679 2056 952 2091 inducebantur.
1015 2068 1085 2103 quo
1112 2057 1253 2103 saepius
1278 2062 1398 2091 autem
1424 2069 1481 2091 res
1507 2069 1606 2104 prae—

68 2112 194 2146 teritae
218 2113 468 2158 narrabantur,
496 2125 537 2149 eo
554 2114 668 2159 magis
686 2125 793 2148 causa
817 2113 926 2148 fuisse
944 2113 1096 2158 videtur,
1116 2126 1180 2148 cur
1197 2114 1422 2148 coniunctivo
1447 2114 1607 2149 adhibito

68 2168 233 2205 voluntas
257 2170 337 2218 ipsa
362 2171 664 2218 exprimeretur.¹)

186 2266 209 2302 ¹)
231 2267 372 2295 Oonferas
402 2276 512 2303 quaeso
542 2268 749 2307 quae-Weber
778 2269 910 2304 disputat
939 2277 967 2303 p.
983 2269 1019 2295 28
1045 2267 1107 2303 (ubi
1127 2267 1273 2304 Madvigii
1292 2271 1482 2304 praeceptum
1503 2269 1609 2304 probat

68 2312 223 2349 paululum
248 2314 451 2343 immutatum:
486 2315 551 2343 ‘Oft
576 2315 655 2343 steht
676 2316 787 2351 jedoeh
815 2315 892 2344 nach
918 2316 1016 2343 einem
1041 2316 1237 2343 Praeteritum
1265 2315 1316 2343 der
1341 2315 1540 2343 Absichtssatz
1568 2317 1606 2343 im

1400 2363 1438 2390 2*
