1734 2492
0 62 30 78 ’ζ
0 2 29 57 ’(Ἢῗ

126 5 317 40 adnotans:
344 4 482 38 ‘duram
500 3 694 37 orationem
711 2 747 35 in
764 6 870 46 poeta
887 2 1129 36 semibarbaro
1153 13 1223 35 non
1241 13 1347 46 aegre
1373 0 1490 34 feres'.
1534 6 1658 34 contra

128 62 365 104 Hermannus,
392 60 453 106 qui
479 59 620 105 scripsit
643 59 792 102 κεάσσω,
819 69 882 92 suo
906 58 996 92 iure:
1023 60 1071 92 ‘at
1094 58 1184 102 ista',
1210 58 1333 104 inquit,
1361 58 1474 92 ‘nimis
1499 56 1656 91 barbara

92 121 98 139 s
128 118 235 153 sunt’.
262 116 453 164 simplicior
478 120 532 150 est
549 114 670 150 Wielii
695 113 835 149 medela
859 116 1007 150 κεάσσαι
1025 114 1082 149 ‘ad
1108 115 1259 162 φάλαγγι
1276 114 1480 162 pertinens'.
1507 113 1654 149 Schnei-

127 176 202 210 deri
227 179 346 210 autem
371 173 609 208 coniecturam
642 170 793 218 ἠμέτερα
824 172 903 206 τότε
936 176 999 219 νῆα
1019 202 1024 207 .
1045 199 1053 207 .
1070 171 1192 214 κεάξαι
1224 185 1293 207 non
1328 177 1381 207 est
1406 184 1469 206 cur
1501 170 1654 217 amplius

126 233 285 275 refutem.
323 229 461 265 duobus
486 230 593 274 igitur
616 228 703 262 locis
728 228 907 274 optativus
932 228 1108 263 nonnullis
1135 229 1316 263 codicibus
1341 228 1503 263 firmatus
1528 228 1654 263 melius

91 280 92 285 ¹
126 288 301 336 quadrare
335 287 432 321 visus
466 290 520 320 est
553 297 661 332 quam
695 285 952 320 coniunctivus.
1002 286 1038 320 in
1070 297 1103 321 v.
1131 284 1201 320 850
1236 286 1482 321 coniunctivus
1515 297 1580 332 per
1615 296 1652 319 se

94 338 95 341 Ἴ
126 345 297 392 explicari
322 348 439 391 potest
462 355 506 378 ac
524 342 648 377 dubito
674 354 768 388 sane,
794 354 879 377 num
905 354 975 377 uno
993 343 1069 377 cod.
1090 342 1114 378 S
1132 344 1228 387 nisis,
1253 348 1292 377 ut
1317 348 1370 378 ter
1395 343 1521 378 eadem
1546 355 1652 377 enun-

125 403 200 437 tiati
226 400 477 436 condicionalis
502 399 616 434 forma
640 403 832 446 repetatur,
858 398 960 434 nobis
985 400 1165 446 optativus
1189 398 1389 435 πείθοισθε
1414 399 1652 434 restituendus

126 461 180 494 sit.
208 459 270 494 sed
288 470 379 506 quae
397 462 451 493 est
467 456 656 504 apodosis?
680 456 913 492 Schubertius
931 457 1075 503 quidem
1092 457 1168 491 iure
1187 457 1392 503 exposuisse
1409 457 1494 492 mihi
1511 456 1653 492 videtur

124 517 237 552 verba
260 518 301 551 τὸ
326 514 386 550 καὶ
409 515 501 550 πολὺ
525 513 663 559 κέρδιον
687 513 752 549 οἴω
784 513 852 558 (sic
879 513 1002 548 scribit
1028 526 1047 547 e
1074 514 1150 548 cod.
1178 514 1202 548 S
1228 515 1403 559 scriptura
1428 510 1542 561 οἶμαι)
1577 516 1651 548 eius

126 574 203 608 vice
220 585 291 608 non
315 572 431 617 fungi3
457 576 533 606 tum
556 571 650 604 enim
668 570 780 605 verba
804 570 888 605 inde
911 583 932 605 a
956 569 1131 618 κρίναντες
1156 576 1236 617 post
1260 570 1442 617 apodosim
1467 571 1581 617 posita
1604 570 1651 605 ad

124 631 345 665 enuntiatum
377 628 628 663 secundarium
653 629 830 674 pertinere
855 633 1036 674 nequeunt
1067 633 1102 662 et
1126 628 1190 662 vix
1223 628 1272 662 ita
1297 628 1468 675 explicari
1493 634 1650 674 possunt,

123 693 162 722 ut
193 686 439 733 praedicatum
474 684 712 731 supplendum
746 696 824 720 esse
858 685 1029 719 dicamus.
1040 685 1064 731 ¹)
1115 684 1325 719 Schneideri
1351 686 1553 719 coniectura
1576 684 1650 730 κρί-

122 758 202 780 νατε
227 749 285 779 νῦν
309 743 493 778 minimam
526 741 635 777 habet
668 741 965 789 probabilitatem.
1016 754 1091 777 meo
1117 741 1262 789 quidem
1293 741 1423 777 iudicio
1449 741 1546 777 locus
1573 754 1650 777 con-

121 802 292 837 formatus
318 805 371 835 est
395 800 442 835 ad
468 799 672 846 exemplum
696 799 764 834 loci
789 799 958 834 home-rici
983 802 1026 835 A
1043 799 1123 844 581,
1149 799 1211 834 ubi
1237 799 1362 834 eodem
1387 799 1491 834 modo
1516 800 1550 833 in
1577 811 1650 834 ora-

122 860 217 895 tione
243 862 418 893 commota
451 857 515 904 (‘in
547 856 730 902 bewegter
762 856 1110 892 leidenschaftlicher
1136 857 1245 892 Rede'
1272 857 1444 892 Kuehner
1469 856 1506 891 H
1531 856 1650 901 §5st

122 917 145 951 3
161 916 202 963 b)
227 915 391 962 apodosis
409 915 581 951 omittitur
597 915 743 961 eiusque
760 914 836 950 loco
853 917 969 962 posita
986 921 1068 950 sunt
1092 915 1205 950 verba
1229 914 1249 951 ὃ
1274 918 1337 962 γὰρ
1362 915 1454 951 πολὺ
1479 914 1651 963 φέρτατός

120 973 224 1017 ἐστιν,
252 972 463 1019 quibuscum
481 973 680 1018 comparari
697 977 857 1018 possunt:
885 971 905 1007 ὃ
922 971 983 1008 καὶ
998 971 1099 1019 γέρας
1115 970 1256 1008 ἔσσεται
1281 973 1370 1019 ὑμῖν.
1413 977 1525 1007 totum
1543 973 1651 1017 igitur

121 1030 237 1064 locum
256 1030 411 1076 quinque
429 1029 612 1064 vocabulis
630 1031 773 1064 mutatis
790 1042 930 1075 unoque
949 1030 1069 1064 addito
1088 1030 1139 1064 sic
1157 1030 1385 1065 scribendum
1403 1042 1480 1064 esse
1507 1042 1649 1064 censeo:

346 1116 379 1151 εἰ
402 1116 465 1162 μὲν
490 1116 532 1163 δὴ
559 1115 749 1160 Κόλχοισιν
773 1117 1021 1164 ἀρηιφάτοισιν
1044 1116 1174 1152 ἐσάντα

254 1173 324 1208 845
349 1172 581 1219 μαρναμένοις
604 1173 834 1217 §alagia-9021,
860 1172 1062 1220 ἀποφθίσει
1086 1172 1188 1219 μένος
1213 1174 1351 1219 ἄνδρας.

345 1228 367 1277 ἦ
391 1226 553 1273 ἔλπεσθ’,
580 1230 627 1273 ὡς
650 1229 710 1265 καὶ
734 1230 898 1277 ἀδήριτον
922 1229 1022 1276 γέρας
1046 1227 1187 1266 ἔσσεται
1213 1231 1293 1276 ὑμῖν

346 1292 438 1331 κῶας
462 1286 682 1334 ἀειραμένους
707 1286 795 1323 ἰέναι
819 1288 870 1331 εἰς
893 1286 1050 1334 πατρίδα
1074 1291 1191 1335 γαῖαν,·
1219 1310 1261 1313 -

344 1345 377 1379 εἰ
402 1344 441 1380 δέ
465 1358 504 1379 νυ
528 1350 658 1391 παῦροι
682 1345 796 1387 ἐόντες
820 1344 1041 1380 ὑποκλίνοιτε
1066 1346 1217 1392 φάλαγγι

345 1400 502 1450 ἡμετέρῃ,
527 1402 607 1437 τότε
631 1406 695 1448 νῆα
719 1401 1017 1450 καταφθιμένοισι
1041 1404 1183 1438 κεάσσει
1208 1423 1253 1427 -

252 1458 322 1494 850
345 1460 378 1494 εἰ
402 1458 442 1495 δέ
466 1457 505 1494 κέ
528 1472 590 1505 μοι
614 1457 868 1505 πείθοισθεςὲ)
894 1480 940 1485 ——
965 1461 1006 1495 τὸ
1030 1459 1089 1495 καὶ
1114 1460 1204 1495 πολὺ
1229 1459 1365 1506 κέρδιόν
1389 1460 1466 1496 ἐστι
1488 1482 1534 1485 --

300 1552 301 1555 ,
344 1515 520 1563 κρίναντες
544 1518 605 1552 τὸν
629 1516 772 1563 ἄριστον
797 1517 818 1564 ἢ
842 1516 881 1560 ὃς
904 1517 1148 1563 βασιλεύτερός
1171 1517 1278 1561 ἐστιν,

346 1574 440 1622 ὄφρα
464 1587 502 1610 κε
526 1573 711 1623 πειρηθεὶς
735 1573 886 1619 ἀέθλων,
913 1574 972 1618 οὓς
996 1576 1099 1618 αὐτὸς
1122 1573 1266 1619 ἐνίσπω,

344 1636 437 1674 κῶας
461 1631 520 1680 ἕλῃ
545 1634 703 1677 χρύσειον
717 1643 724 1649 ·
743 1631 762 1667 ὃ
787 1632 847 1667 καὶ
871 1631 972 1678 γέρας
996 1630 1137 1668 ἔσσεται
1160 1634 1248 1678 ὑμῖν.

116 1722 160 1758 et,
198 1728 413 1764 quamquam
447 1717 492 1752 de
518 1717 677 1763 singulis,
712 1718 748 1752 in
773 1718 895 1764 primis
921 1718 966 1753 de
991 1718 1096 1753 modo
1123 1719 1159 1753 in
1184 1731 1218 1753 v,
1239 1718 1309 1753 850
1339 1718 1494 1753 dubitari
1521 1725 1647 1765 potest,

118 1779 236 1809 cetera
260 1779 380 1810 tamen
404 1780 502 1810 recte
529 1770 751 1810 constituisse
776 1775 879 1810 nobis
904 1775 1111 1823 videmur.²)

230 1831 382 1868 Omnino
400 1832 683 1879 quattuordecim
701 1834 883 1868 enuntiata
902 1833 1160 1869 condicionalia
1178 1834 1354 1880 leguntur,
1378 1846 1397 1868 e
1415 1846 1484 1880 quo
1501 1846 1648 1870 numero

115 1889 183 1923 tria
208 1889 255 1923 ad
281 1891 442 1936 primam,
478 1902 542 1924 sex
574 1890 621 1925 ad
654 1890 814 1935 alteram,
841 1891 911 1925 duo
944 1891 1002 1925 vel
1027 1892 1094 1925 tria
1119 1891 1166 1926 ad
1200 1893 1350 1935 tertiam,
1383 1893 1467 1926 item
1493 1891 1562 1925 duo
1589 1892 1647 1926 vel

115 1946 182 1979 tria
208 1946 253 1981 ad
274 1951 436 1993 quartam
455 1946 606 1982 formam
631 1947 821 1983 referenda
847 1953 938 1983 sunt.
965 1948 1007 1983 ἄν
1033 1954 1069 1983 et
1092 1947 1128 1984 εἷ’
1141 1961 1179 1984 κε
1197 1948 1344 1994 singulis
1369 1948 1454 1983 locis
1472 1948 1647 1984 habemus

227 2059 249 2095 1)
271 2061 314 2089 Of.
329 2064 491 2097 praeterea,
514 2070 589 2097 quae
608 2062 740 2097 Langius
759 2071 786 2098 p.
802 2063 857 2089 358
872 2071 913 2097 sq.
936 2063 971 2090 de
992 2066 1027 2090 H
1043 2064 1079 2090 28
1101 2067 1131 2090 et
1150 2073 1168 2090 v
1190 2064 1243 2090 381
1266 2064 1403 2099 disputat.

226 2106 251 2143 ²)
272 2109 389 2136 Sitzleri
409 2110 605 2143 coniecturae,
626 2118 699 2145 quas
719 2110 849 2137 nondum
870 2111 1030 2146 tetigimus,
1052 2112 1093 2137 ita
1113 2114 1182 2138 sunt
1201 2114 1396 2147 comparatae,
1416 2114 1450 2138 ut
1467 2111 1646 2139 refutatione

112 2163 185 2188 opus
205 2164 265 2182 non
286 2165 349 2183 esse
369 2160 479 2192 putem.
518 2158 656 2193 proponit
675 2157 727 2184 ille
752 2157 839 2184 haec:
866 2159 892 2185 εὶ
912 2157 948 2185 δέ
967 2168 1003 2185 νυ
1024 2159 1137 2195 παῦροι
1158 2158 1256 2189 ἐόντες
1277 2158 1464 2186 ὑποκλίνοιτε
1486 2159 1643 2196 φάλαγγιΙ

112 2202 250 2239 ἡμετέρῃ,
271 2203 305 2230 τό
321 2204 370 2238 (sc.
386 2204 420 2231 τὸ
435 2204 620 2239 ὑποκλίνειν)
635 2213 666 2231 κε
681 2206 738 2238 νῆα
752 2205 1011 2241 καταφθιμένοισι
1024 2207 1161 2233 κεάσσαι’
1180 2205 1183 2241 Ι
1199 2207 1226 2232 εἰ
1246 2204 1274 2232 δ’
1290 2205 1342 2233 ἐπί
1351 2216 1407 2241 μοι
1427 2208 1586 2234 πείθοισθε
1611 2223 1643 2226 ——

111 2248 144 2275 τὸ
159 2249 209 2276 καὶ
222 2250 298 2278 πολὺ
312 2250 432 2288 κέρδιόν
447 2251 510 2279 ἐστι
524 2268 558 2271 -
576 2250 580 2289 Ι
596 2253 750 2290 κρίναντες
763 2253 816 2280 τὸν
837 2252 960 2290 ἄριστον
981 2253 997 2288 ἢ
1019 2253 1050 2284 ὃς
1069 2253 1277 2291 βασιλεύτερός
1297 2252 1386 2288 ἐστιν,
1411 2254 1413 2291 Ι
1430 2255 1513 2291 ὄφρα
1533 2264 1563 2283 κε
1580 2263 1644 2282 πει-

112 2297 215 2332 ρηθεὶς
236 2298 363 2333 ἀέθλων,
385 2299 436 2331 οὓς
456 2299 545 2331 αὐτὸς
566 2299 686 2334 ἐνίσπω,
703 2301 707 2336 1
726 2303 803 2332 κῶας
823 2300 873 2340 ἕλῃ
888 2301 1034 2338 χρύσεον·
1055 2304 1095 2338 τῷ
1115 2302 1165 2329 καὶ
1187 2302 1274 2339 γέρας
1294 2301 1412 2331 ἔσσεται
1432 2303 1514 2340 ὑμῖν.
