1714 2583
208 67 252 103 In
285 67 624 113 interrogationibus
658 67 704 102 ab
737 67 848 103 altero
882 68 1063 103 enuntiato
1096 67 1337 115 pendentibus
1368 68 1479 104 semel
1511 60 1586 115 (1⁷31.>
1598 112 1610 120 -.
1636 79 1688 118 ,μς-κ,

92 124 225 171 legitur
247 125 280 173 ἤ,
307 124 417 160 semel
435 124 562 171 (1212)
587 124 631 160 εἰ.
673 136 758 160 nam
776 123 1047 170 Schneiderum,
1074 125 1135 172 qui
1160 125 1279 172 priore
1303 125 1381 161 loco
1405 125 1440 163 εἰ
1463 120 1714 173 reponere*

92 181 216 227 voluit,
242 187 341 217 recte
367 182 492 228 opinor
517 193 633 229 neque
650 181 879 217 Hermannus
903 194 1020 229 neque
1037 181 1188 223 Abelius
1213 187 1356 218 secutus
1379 187 1442 219 est.
1485 182 1582 230 quod
1606 183 1637 219 si
1664 221 1669 227 ἱ

92 238 190 286 apud
224 239 423 274 Homerum
457 240 480 287 ἢ
511 239 547 273 in
581 239 918 285 interrogationibus
955 239 1138 275 indirectis
1175 239 1402 275 retinendum
1440 240 1557 287 erit,¹)
1590 252 1637 289 ⁶¹.
1654 249 1675 276 ἑ
1709 237 1714 255 ³

91 296 346 342 Argonauticis
372 295 532 342 profecto
558 295 651 331 hanc
677 296 841 331 voculam
867 308 938 331 non
963 296 1200 343 expellemus3
1226 297 1281 331 sin
1306 308 1385 332 eam
1411 309 1457 332 ex
1479 297 1636 333 Homero
1678 299 1684 310 '⁴

90 354 362 402 removerimus,
389 352 553 399 religiose
579 354 616 388 in
641 352 709 388 hoc
735 353 894 388 carmine
912 353 1205 389 conservabimus
1223 365 1313 400 eam,
1340 355 1473 402 quippe
1491 366 1538 389 ex
1555 366 1636 402 quo,
1695 346 1702 363 ³

92 410 122 445 si
147 409 207 445 alii
232 410 300 445 loci
326 409 594 457 accesserint,²)
621 409 787 445 concludi
812 410 934 457 possit,
961 410 1057 457 quali
1077 410 1224 446 Homeri
1241 416 1343 446 textu
1359 424 1444 447 usus
1463 412 1508 447 sit
1525 403 1643 458 Argo-⁷>

91 469 315 503 nauticorum
341 468 503 513 scriptor.
547 467 644 514 apud
670 467 899 514 Apollonium
924 473 960 502 et
983 467 1155 511 Quintum
1180 468 1393 514 particulam
1418 469 1441 516 ἢ
1464 470 1515 503 ita
1538 480 1635 504 usur-

92 529 214 571 patam
239 536 310 559 non
335 525 473 568 inveni3
500 524 545 559 de
571 524 659 561 Call.
677 524 754 560 IIII
771 524 828 571 83,
854 530 893 559 ut
918 523 963 559 de
989 524 1108 560 multis
1133 525 1220 560 locis
1242 524 1432 561 homericis
1450 525 1512 573 (ef.
1530 521 1636 562 Prae—

91 583 222 618 torium
247 594 281 629 p.
302 581 339 629 9)
366 581 531 618 dubitare
557 581 651 625 licet,
679 595 764 618 num
790 583 1013 618 enuntiatum
1038 583 1289 618 secundarium
1315 583 1543 618 statuendum
1574 585 1636 619 sit:

90 639 216 675 εἴπατε
242 642 388 675 Μοῦσαι
411 639 416 685 Ι
438 638 459 687 ἦ
484 637 516 686 ῥ’
540 640 639 675 ἐτεὸν
670 639 828 685 ἐγένοντο
860 641 941 676 τότε
972 640 1081 686 δρύες,
1111 639 1212 688 ἡνίκα
1237 642 1381 687 νύμφαι.
1424 652 1507 675 cum
1531 641 1636 675 inter-

90 697 274 742 rogatione
301 696 527 738 disiunctiva,
556 708 646 743 quae
672 696 803 742 legitur
828 697 864 731 in
889 708 948 730 vv.
969 696 1039 731 770
1056 707 1132 743 sqq.
1161 696 1307 745 (διπλῆν
1332 695 1533 733 ἀνενείκατο
1558 709 1634 745 φω-

90 754 161 800 νήν,
186 754 208 800 ἢ
227 781 234 789 .
254 781 262 788 .
282 782 289 789 .
309 753 413 799 μόλοι
432 782 440 789 .
460 781 467 789 .
485 754 525 802 ἠὲ
544 781 551 788 .
571 782 579 789 .
600 781 608 789 .
627 754 797 800 λεύσσω),
826 752 979 788 conferri
1004 759 1152 799 possunt
1177 753 1293 800 Apoll.
1312 754 1368 789 ΙΙΙ
1394 754 1475 798 898,
1500 754 1574 788 ΠΙΙ
1597 754 1632 798 4,

92 810 213 854 Quint.
233 810 266 845 V
292 810 372 844 356.
401 810 445 845 de
472 809 659 845 modorum
684 822 751 845 usu
778 822 886 856 supra¹
911 811 1048 856 egimus
1075 813 1124 856 (p.
1145 810 1241 857 253).

207 981 279 1016 Sed
297 982 367 1016 iam
389 981 524 1016 rivulos
550 981 769 1017 claudamus.
796 982 951 1017 vidimus
977 983 1119 1017 omnino
1137 981 1460 1028 Argonauticorum
1487 983 1632 1030 scripto-

91 1051 166 1074 rem
193 1039 277 1075 satis
300 1039 488 1085 diligenter
506 1039 652 1074 Homeri
671 1040 822 1085 vestigia
841 1045 1002 1075 secutum
1020 1052 1108 1085 esse,
1135 1051 1351 1086 quamquam
1368 1039 1426 1074 hic
1443 1039 1516 1074 illic
1542 1051 1633 1086 quae

90 1097 299 1131 recentioris
328 1097 454 1131 aetatis
479 1097 624 1143 propria
650 1102 732 1131 sunt
757 1096 910 1131 admisit.
953 1096 1014 1131 ubi
1042 1097 1198 1130 Homero
1225 1096 1421 1142 compluria
1446 1096 1634 1142 vocabula,

90 1153 237 1199 formae,
265 1159 465 1188 structurae
492 1153 652 1188 eiusdem
678 1153 946 1198 significationis
972 1158 1114 1200 praesto
1140 1158 1252 1198 erant,
1287 1152 1477 1188 artioribus
1502 1153 1634 1188 finibus

90 1223 128 1245 se
154 1211 337 1245 continuit.
381 1222 649 1256 nonnumquam
674 1216 796 1256 utpote
822 1211 858 1244 in
884 1215 1033 1245 externa
1058 1222 1178 1245 rerum
1205 1211 1325 1256 speeie
1350 1215 1511 1245 versatus
1529 1222 1633 1246 usum

88 1267 257 1313 loquendi
296 1266 517 1302 homericum
554 1267 647 1302 male
682 1267 857 1302 intellexit
894 1279 1009 1313 neque
1048 1267 1225 1314 profecto,
1265 1279 1346 1302 cum
1383 1267 1430 1302 ad
1468 1266 1633 1302 servilem

53 1338 57 1340 “
91 1326 233 1371 saepius
258 1325 492 1359 imitationem
520 1324 717 1359 descendat
742 1330 848 1370 atque
874 1325 910 1358 in
937 1324 1134 1359 elocutione
1169 1330 1204 1358 et
1236 1324 1426 1359 verborum
1452 1329 1633 1359 construc-

91 1382 185 1416 tione
211 1381 339 1416 eadem
366 1393 510 1427 semper
534 1387 715 1428 recoquat,
742 1393 873 1427 magna
899 1386 974 1416 arte
992 1383 1133 1427 poetica
1151 1381 1334 1427 praeditus
1352 1380 1461 1415 fuisse
1478 1381 1632 1416 videtur.

34 1471 37 1474 ,
91 1451 182 1484 quae
208 1440 363 1473 rationes
389 1460 436 1464 —
461 1439 498 1473 in
524 1445 626 1473 textu
653 1450 794 1485 quoque
820 1438 1070 1473 constituendo
1096 1450 1238 1484 semper
1262 1438 1508 1484 respiciendae
1533 1459 1579 1463 —
1605 1438 1633 1472 si

91 1496 176 1530 viris
208 1495 322 1530 doctis
354 1495 528 1541 probatae
559 1500 672 1539 erunt,
703 1507 788 1530 mox
818 1497 938 1530 animo
965 1495 1172 1530 confirmato
1199 1494 1244 1529 ad
1271 1494 1445 1541 reliquam
1470 1495 1634 1541 syntaxis

89 1558 230 1599 partem
256 1552 550 1599 pertractandam
574 1552 779 1599 adgrediar.

202 1668 224 1703 ¹)
240 1668 283 1695 Cf.
296 1668 431 1695 libellum
444 1669 599 1702 Praetorii,
614 1669 665 1703 qui
680 1668 710 1694 id
724 1670 822 1703 negat,
838 1671 868 1694 et
882 1676 1037 1694 censuram
1053 1668 1083 1694 in
1095 1668 1233 1694 Bursiani
1246 1667 1322 1694 Ann.
1335 1667 1349 1694 I
1361 1668 1416 1694 935
1428 1676 1469 1703 sq.
1482 1675 1501 1694 a
1512 1667 1633 1694 Gisekio

85 1716 204 1749 factam,
226 1717 277 1751 qui
299 1717 362 1743 eius
383 1717 562 1743 sententiam
584 1717 747 1751 impugnat.

204 1763 227 1798 ²)
250 1764 351 1791 Unum
373 1764 452 1799 quod
473 1773 533 1790 non
554 1764 654 1799 exigui
676 1764 819 1790 momenti
833 1766 878 1790 est
891 1763 1001 1790 inveni.
1036 1763 1067 1788 in
1081 1762 1179 1797 Etym.
1195 1763 1235 1789 M.
1250 1763 1315 1797 565,
1330 1763 1366 1789 27
1388 1762 1531 1790 habemus
1544 1762 1632 1790 haec:

89 1808 228 1847 ’Όμηρος
248 1811 356 1847 λιγνὺν
377 1811 581 1839 αἰθαλόεσσαν
604 1812 691 1847 ‘quod
712 1820 779 1838 cum
801 1819 881 1837 nunc
902 1819 961 1837 non
982 1810 1107 1846 legatur⁷
1128 1810 1165 1837 ad
1185 1812 1214 1837 Σ
1232 1812 1268 1837 23
1289 1810 1414 1838 refertur
1434 1819 1452 1838 a
1472 1810 1633 1837 nonnullis'

91 1858 191 1892 (κόνιν
221 1859 448 1892 αἰθαλόεσσαν),
488 1860 520 1886 in
550 1859 814 1894 Argonauticorum
841 1862 941 1884 autem
972 1867 999 1884 v.
1019 1859 1072 1884 971
1106 1857 1232 1892 legimus
1257 1857 1362 1894 λιγνὺς
1391 1855 1420 1884 δ’
1439 1857 1631 1885 αἰθαλόεσσα.

91 1910 221 1933 ceterum
242 1906 492 1933 Rosenboomium
513 1906 550 1933 de
570 1914 644 1933 voce
665 1906 820 1936 αἰθαλόεις
841 1905 932 1932 verba
952 1913 1012 1931 non
1032 1904 1138 1931 fecisse
1158 1913 1229 1931 sane
1249 1906 1346 1932 miror.
