1714 2583
90 81 160 116 hoc
185 81 262 116 loco
287 82 449 128 inspecto
480 80 575 116 bene
608 80 804 126 intellegas,
839 92 947 127 quam
979 81 1084 116 facile
1118 81 1341 118 enuntiatum
1373 81 1594 121 relativum

91 139 388 186 interrogativum
414 137 515 174 abire
540 138 706 186 potuerit.
750 137 847 185 quod
872 137 1119 174 Windischius
1153 138 1257 175 dicit·
1294 139 1509 188 ‘Uebrigens
1539 130 1705 184 stov,-

90 198 140 232 im
173 196 412 243 regierenden
437 196 521 232 Satz
555 197 614 230 ein
642 195 806 231 Verbum
840 195 904 230 des
929 195 1092 232 Wissens
1125 196 1212 232 oder
1236 196 1421 242 Nennens‚
1454 200 1513 235 nie
1542 213 1572 236 Ζ.
1590 184 1669 242 Β
1684 192 1712 245 ζ·

91 255 149 289 ein
174 253 337 289 Verbum
364 253 426 289 des
452 252 626 300 Fragens,
661 253 734 288 und
760 252 853 288 nach
880 253 996 288 einem
1026 252 1171 288 solchen
1196 253 1295 289 kann
1320 254 1385 289 der
1409 254 1665 298 bestimmten?
1654 243 1714 303 ι,

90 311 317 347 austretende
343 311 562 346 Relativsatz
596 323 662 356 gar
687 310 787 345 nicht
812 310 1010 345 auffallend
1036 311 1134 355 sein',
1169 324 1280 347 unum
1305 311 1479 348 habemus
1503 313 1631 361 locum,
1684 301 1714 339 Ἴ

90 367 153 403 ubi
186 367 429 413 interrogandi
462 366 614 401 verbum
650 367 846 413 praecedit:
881 380 902 401 κ
929 367 998 401 110
1027 365 1066 403 ἔκ
1090 363 1122 402 τ’
1143 366 1282 414 ἐρέοντο
1304 368 1309 414 Ι
1332 368 1426 412 δ’ςτις
1453 367 1558 406 τῶνδ
1578 371 1684 421 εἴη
1688 371 1714 419 ’,ἦ

90 426 255 471 βασιλεὺς
286 423 347 461 καὶ
379 418 472 460 οἷσιν
504 425 665 460 ἀνάσσοι.
709 424 772 459 sed
806 424 835 458 is
869 423 966 459 locus
998 424 1102 459 valde
1133 424 1265 460 dubius
1295 431 1358 460 est.
1401 425 1652 463 Aristarchus-

91 483 234 528 scripsit
258 485 372 517 τοῖσιν
398 481 459 526 (cf
480 480 589 515 schol.
610 479 841 527 Ἀρίσταρχος
866 482 926 516 διὰ
951 487 1014 516 τοῦ
1037 495 1059 516 τ
1083 480 1142 516 καὶ
1166 485 1281 517 τοῖσιν
1305 484 1453 518 ἀνάσσοι
1475 483 1556 519 ἀντὶ
1570 490 1634 520 τοῦ
1679 447 1714 487 ’Χῖ

90 538 224 584 τίνων).
267 549 359 585 quae
392 537 498 572 lectio
524 538 553 572 si
579 549 666 572 vera
691 543 756 583 est,
789 537 877 572 illud
903 540 1018 573 τοῖσιν
1043 550 1107 584 pro
1138 539 1346 585 pronomine
1377 528 1632 586 interrogatiiro

96 619 136 623 —
153 596 285 633 τέοισιν
309 601 543 642 reposuerunt
560 595 744 630 Duentzer
761 600 797 630 et
813 595 1000 630 Nauckius
1019 616 1062 621 —
1082 595 1333 643 accipiendum
1356 608 1433 631 esse
1451 609 1515 643 pro
1534 601 1630 633 certo

89 653 224 698 habeo3
250 652 333 696 σίζ’
360 652 438 686 119.
467 664 592 686 versus
618 652 639 687 ὁ
666 652 746 697 740,
780 664 850 698 quo
884 652 961 687 loco
995 653 1034 695 ὅς
1066 653 1103 687 in
1128 653 1404 698 interrogatione
1430 653 1631 692 adhibitum
1692 688 1695 692 ,

90 723 168 746 esse
185 710 426 746 Lammertius
452 710 575 744 statuit
600 721 635 755 p.
653 709 711 753 20,
738 709 930 756 explicatio
956 721 1063 756 quam
1088 710 1242 745 maxime
1265 709 1375 745 dubia
1397 715 1466 756 est3
1493 722 1564 757 qua
1585 711 1631 747 de

90 781 128 803 re
155 769 199 803 cf.
218 768 364 803 Hentzii
388 767 640 813 appendicem.

204 825 236 859 E
269 825 390 871 lyricis
423 836 516 858 unus
550 823 648 859 locus
682 829 822 870 praesto
858 829 911 858 est
937 823 1053 859 Solon.
1075 824 1129 869 13,
1147 824 1193 859 65
1211 836 1263 871 sq.
1296 824 1377 861 οὐδέ
1400 838 1454 868 τις
1477 821 1582 870 οἶδεν,
1607 824 1631 875 ᾗ

88 882 207 929 μέλλει
231 883 383 931 σχήσειν.
410 881 447 915 in
473 880 632 926 Theogn.
651 880 732 925 586,
764 881 826 915 ubi
851 881 947 916 idem
972 893 1098 915 versus
1124 881 1226 927 redit,
1253 881 1331 917 cod.
1353 881 1384 915 A
1410 886 1471 930 πῇ,
1502 881 1630 930 reliqui

89 943 158 975 ποῖ
180 939 362 973 exhibent.
401 937 487 972 mihi
509 938 659 983 quidem
685 938 761 972 iure
788 938 966 983 Bergkius
992 939 1027 971 in
1054 937 1191 972 Solonis
1216 938 1417 984 fragmento
1442 940 1629 975 retinuisse

89 997 233 1031 videtur
257 993 290 1044 ᾗ.
333 994 430 1042 quod
464 995 510 1030 ad
544 995 699 1041 tragicos
733 995 880 1041 adtinet,
915 1000 954 1029 ut
978 994 1200 1041 Aeschylum
1225 995 1287 1042 (cf.
1310 996 1429 1031 Prom.
1447 996 1528 1043 914,
1547 995 1628 1043 995,

89 1054 160 1099 Ag.
178 1053 260 1097 416,
282 1052 390 1099 1048)
425 1057 460 1086 et
493 1052 705 1099 Euripidem
739 1052 834 1098 (Alc.
858 1052 939 1096 651,
969 1052 1048 1098 Iph.
1073 1052 1113 1086 T.
1139 1052 1218 1097 755,
1253 1053 1349 1088 Med.
1369 1053 1477 1100 1106)
1503 1054 1629 1089 missos

90 1111 232 1155 faciam,
259 1123 278 1145 e
305 1109 480 1156 Sophocle
506 1109 694 1144 nonnullos
719 1109 816 1144 locos
842 1108 1016 1144 Kuehner
1041 1109 1178 1154 adtulit,
1209 1109 1296 1145 alios
1322 1110 1439 1146 adfert
1463 1110 1630 1146 Wolffius

90 1169 136 1204 ad
156 1170 240 1204 Ant.
254 1168 325 1203 542
343 1165 392 1203 ὧν
408 1165 554 1212 τοῦργον
570 1164 699 1215 ἰἈιδης
715 1164 773 1212 χοὶ
789 1169 885 1203 κάτω
903 1166 1109 1214 ξυνίστορες.
1137 1179 1242 1213 quem
1259 1163 1377 1202 locum
1395 1168 1629 1204 Kuehnerum

91 1230 234 1260 secutus
253 1226 304 1259 sic
323 1224 480 1271 explicet
496 1224 638 1270 aliquis:
667 1225 728 1258 ‘sie
755 1224 834 1258 sind
853 1223 1044 1258 Mitwisser
1069 1224 1288 1271 derjenigen,
1316 1224 1432 1260 denen
1459 1225 1517 1260 die
1534 1225 1629 1260 That

90 1282 290 1328 zugehort’;
317 1281 513 1317 Goebelius
540 1294 573 1327 p.
593 1281 638 1315 28
664 1283 803 1324 τούτοις
820 1286 938 1315 mente
957 1281 1234 1327 intellegendum
1252 1294 1329 1316 esse
1347 1287 1460 1328 putat.
1503 1282 1566 1318 sed
1584 1282 1631 1317 ad

90 1341 254 1375 Ismenae
280 1339 394 1374 verba
420 1340 483 1374 οὒκ
507 1339 718 1385 αἰσχύνομαι
742 1337 922 1384 ξύμπλουν
946 1339 1095 1386 ἐμαυτὴν
1111 1343 1174 1373 τοῦ
1190 1340 1335 1381 πάθους
1351 1338 1544 1388 ποιουμένη
1561 1352 1631 1374 non

90 1396 244 1431 decebat
269 1395 501 1443 respondere:
528 1396 578 1430 sie
604 1395 684 1430 sind
702 1395 893 1430 Mitwisser
918 1400 998 1440 etc„
1025 1395 1087 1430 sed
1114 1395 1196 1432 hoc:
1224 1397 1285 1431 ‘sie
1312 1396 1440 1431 wissen
1457 1397 1531 1441 mit,
1558 1408 1632 1431 wer

91 1466 129 1488 es
160 1453 314 1499 gethan.’
367 1457 492 1487 contra
521 1464 637 1498 neque
663 1451 752 1487 Oed.
777 1451 852 1486 Col.
876 1464 933 1487 VV.
959 1452 1052 1486 1274
1077 1457 1113 1486 et
1140 1452 1228 1486 1291
1260 1454 1297 1486 in
1323 1452 1418 1487 hunc
1442 1464 1630 1487 numerum

88 1511 243 1546 referam
261 1522 378 1557 neque
395 1510 432 1544 in
451 1508 540 1545 Oed.
560 1509 602 1544 R.
621 1521 654 1543 v.
677 1508 768 1544 1068
793 1510 931 1556 μήποτε
949 1508 1074 1558 γνοίης,
1100 1509 1139 1553 ὃς
1162 1505 1194 1545 εἶ
1220 1509 1283 1557 (cf.
1303 1509 1412 1545 Arist.
1433 1509 1524 1545 Ach.
1542 1509 1629 1558 442)

90 1568 247 1615 suppleri
274 1580 378 1614 posse
404 1579 534 1613 negem
560 1568 600 1602 σὲ
625 1572 750 1602 τοῦτον
768 1567 863 1610 ὄντα,
889 1566 929 1610 ὃς
945 1563 987 1612 εἶ,
1015 1567 1092 1601 coll.
1112 1566 1201 1602 Oed.
1221 1566 1260 1602 C.
1279 1567 1348 1602 556
1367 1568 1534 1615 δηλοῢτον
1550 1570 1631 1616 ἡμῖν

88 1624 171 1662 ὄνθ’
188 1625 227 1669 ὃς
250 1622 292 1661 εἶ.
336 1626 407 1660 iam
426 1623 642 1659 accedamus
660 1623 707 1658 ad
724 1623 781 1658 Ai.
804 1624 895 1658 1259
921 1627 961 1659 οὐ
978 1626 1118 1670 μαθών,
1144 1623 1183 1667 ὃς
1206 1620 1237 1659 εἶ
1263 1625 1369 1671 φύσιν
1393 1629 1428 1659 et
1445 1624 1536 1659 Oed.
1554 1623 1628 1659 Col.

94 1684 183 1718 1171
211 1681 318 1725 ἔξοιδ’
335 1683 470 1718 ἀκούων
487 1679 601 1725 τῶνδ’,
628 1682 667 1724 ὅς
683 1678 766 1717 ἐσθ’
783 1681 803 1717 ὁ
820 1684 1030 1729 προστάτης,
1058 1681 1120 1716 ubi
1138 1680 1176 1724 ὅς
1194 1682 1490 1727 significationem
1506 1694 1630 1729 prono-

88 1741 194 1776 minis
212 1735 286 1783 οἷος
303 1740 452 1774 induere
469 1738 644 1773 Kuehner
662 1738 854 1773 contendit.
866 1739 893 1784 ¹)
936 1738 1173 1773 concedamus
1191 1739 1342 1774 eandem
1365 1740 1401 1773 in
1423 1740 1630 1785 pronomine

89 1797 385 1843 significationem
418 1797 535 1830 inesse
569 1800 678 1841 atque
703 1796 740 1829 in
766 1795 875 1829 latino
902 1794 1055 1840 ‘qualis'z
1090 1807 1206 1829 nonne
1238 1790 1313 1838 οἷος
1348 1797 1466 1842 ipsum
1498 1795 1629 1832 talibus

87 1854 175 1889 locis
201 1875 247 1879 —
277 1865 365 1900 quos
396 1853 515 1888 statim
546 1851 677 1886 multos
710 1851 873 1886 adferam
906 1873 951 1876 —
982 1852 1200 1898 pronominis
1234 1853 1478 1898 interrogativi
1511 1853 1629 1900 potius

88 1924 196 1959 quam
220 1911 360 1947 relativi
387 1912 485 1946 vices
510 1910 626 1957 gerit?
636 1910 665 1957 2)
708 1910 757 1944 ita
782 1904 858 1953 οἷος
882 1915 918 1944 et
942 1910 1024 1953 ὅσος
1048 1909 1131 1946 inde
1153 1910 1200 1946 ab
1218 1910 1374 1946 Homero
1399 1916 1627 1958 usurpantur,

203 2046 225 2082 ¹)
247 2047 305 2080 Qui
325 2046 400 2073 haec
421 2046 463 2073 ait
483 2045 502 2072 l.
519 2053 557 2072 c.:
581 2044 782 2080 ‘Keineswegs
802 2044 854 2071 hat
875 2053 905 2071 es
926 2044 1050 2072 alsdann
1071 2044 1118 2071 die
1133 2044 1311 2081 Bedeutung
1331 2045 1382 2072 der
1402 2045 1628 2081 Interrogativn‚

88 2095 215 2122 sondern
236 2095 284 2121 die
304 2094 356 2121 des
375 2094 523 2120 relativen
544 2089 625 2123 οἶος.’
667 2093 769 2119 eadem
791 2093 852 2119 fere
873 2092 962 2121 habet
982 2093 1164 2128 Bernhardy,
1185 2093 1364 2120 Wissensch.
1379 2092 1460 2128 Synt.
1476 2093 1502 2120 d.
1517 2091 1627 2129 griech.
1710 2126 1714 2131 ⁴

87 2141 225 2176 Sprache,
246 2150 272 2176 p.
288 2141 357 2167 291:
385 2140 603 2175 ‘Erwaehnung
617 2140 752 2166 verdient
772 2140 823 2166 der
843 2139 1002 2166 classische
1017 2139 1181 2174 Gebrauch,
1203 2140 1253 2166 der
1273 2140 1477 2175 gewoehnlich
1491 2140 1545 2166 auf
1555 2139 1627 2167 Ver-
1695 2134 1714 2180 Ϊξ

87 2189 283 2216 wandtsehaft
304 2190 356 2216 mit
377 2190 421 2219 τίς
440 2188 582 2225 gedeutet
595 2188 676 2222 wird‚
697 2187 735 2215 da
755 2187 829 2214 doch
850 2188 902 2214 der
915 2187 988 2215 Sinn
1003 2187 1073 2215 eher
1092 2196 1131 2214 an
1153 2184 1214 2218 οῖος
1234 2188 1356 2223 grenzt’.
1390 2187 1476 2224 plura
1494 2185 1630 2223 exempla
1701 2185 1707 2192 ““

87 2237 200 2264 dabunt
220 2236 381 2263 Goebelius
401 2245 428 2271 p.
444 2238 478 2262 31
502 2241 531 2263 et
552 2235 739 2263 Roehrekius
759 2245 786 2271 p.
805 2236 846 2262 12.

203 2284 225 2319 ²)
252 2284 338 2317 Quod
365 2284 492 2319 quodam
518 2284 604 2311 modo
630 2283 772 2310 Kuehner
797 2284 906 2310 sentire
931 2283 1055 2317 videtur,
1081 2284 1132 2318 qui
1159 2283 1310 2310 nonnullis
1334 2283 1407 2310 locis
1433 2283 1566 2310 tractatis
1585 2281 1647 2319 nie>
1684 2285 1698 2316 ἰζ

87 2333 197 2368 pergit:
220 2332 284 2358 ‘Mit
298 2332 468 2359 Ausnahme
482 2332 578 2359 dieses
593 2331 782 2358 Gebrauches
796 2331 868 2358 wird
889 2331 940 2358 das
954 2331 1073 2358 Relativ
1094 2331 1234 2366 nirgends
1254 2331 1285 2357 in
1299 2330 1506 2367 abhaengigen
1518 2330 1626 2366 Frage·
1672 2358 1679 2370 ἒ

87 2382 208 2406 saetzen
228 2379 410 2415 gebraucht'.
433 2378 608 2406 Geebelium
630 2386 729 2404 secum
752 2387 810 2405 non
832 2382 966 2406 constare
981 2378 1030 2413 (cf.
1045 2388 1072 2414 p.
1088 2379 1121 2404 31
1139 2381 1169 2405 et
1183 2378 1232 2413 34)
1247 2378 1385 2405 Kal-lewa
1398 2377 1439 2413 (p.
1456 2378 1502 2414 15)
1515 2378 1626 2416 monet,
1638 2377 1649 2400 γ’
1672 2375 1699 2405 '12
