1734 2492
98 0 249 55 ''⁷''''”ud⁶{
279 8 334 40 est
357 4 393 38 in
418 16 453 39 v.
474 3 530 48 19,
564 4 593 38 si
627 15 708 38 cum
739 3 947 40 Hermanno
981 10 1016 53 et
1040 4 1170 41 Abelio
1203 4 1408 41 scribimus.
1442 2 1500 53 ἠδ’
1522 2 1595 52 ἔργ’

16 36 187 111 Ᾰῖωηῖα
207 61 225 109 Ι
234 53 422 109 Γηγενέων»
446 59 484 96 0‘1)
505 60 628 107 λυγρὸν
651 58 717 96 ἀπ’
737 61 893 108 Οὐρανοῦ
916 50 1111 107 ἐκμάξαντο
1131 61 1135 109 Ι
1155 61 1295 109 σπέρμα
1319 67 1430 111 γονῆς,
1455 63 1497 98 τό
1520 63 1593 110 (τε)
1648 88 1651 89 ⁷
1674 57 1699 97 ⁵³:

0 111 17 119 ’
35 111 37 114 ’
0 114 218 181 &modofflsv
241 117 330 153 ὅθεν
353 116 450 163 γένος
472 115 669 162 ἐξεγένοντο
689 115 693 164 Ι
712 119 862 165 θνητῶν.
897 118 993 164 quod
1014 118 1243 154 Hermannus
1269 119 1320 153 sic
1346 118 1519 166 explicat:
1545 120 1594 153 ‘et

0 159 24 225 33⁸,
40 193 44 198 ·
60 180 151 224 'quae
175 175 291 222 prima
315 173 440 208 fuisset
463 173 646 208 hominum
672 174 767 219 origo
794 175 1002 221 exposuisse
1028 187 1065 210 se
1091 175 1200 210 dicit'.
1227 176 1261 211 V
1277 175 1388 211 habet
1411 174 1593 220 ἐτάξαντο,

0 225 34 271 Ϊῖἑῇ
59 232 185 279 reliqui
208 229 399 272 ἑπάξαντο
425 229 508 276 (nisi
534 229 629 276 quod
653 231 690 265 in
707 230 763 265 Vo
778 231 817 266 id
842 236 1041 266 correctum
1065 238 1120 266 est
1145 245 1192 266 ex
1216 231 1412 279 ἐτάξαντο),
1437 234 1478 268 τὸ
1503 234 1594 280 πρό-

60 292 150 326 σθεν
174 291 275 323 extat
290 287 327 322 in
344 285 445 322 libris
463 285 639 322 omnibus.
682 286 824 323 accedit
847 287 895 323 ad
920 287 1148 324 difficultates
1174 288 1278 324 huius
1303 288 1372 325 loci
1398 289 1592 341 augendas,
1651 287 1653 289 ’

60 345 155 394 quod
189 345 351 392 quaestio
384 343 430 379 de
463 345 619 390 genuina
652 345 829 392 scriptura
855 345 1010 392 quodam
1033 346 1139 381 modo
1165 346 1330 382 cohaeret
1361 360 1441 382 cum
1465 346 1592 393 Orphi-

61 414 183 438 corum
207 401 380 436 doctrina.
422 401 651 436 Hermannus
685 402 779 437 enim
811 407 852 437 ut
876 403 1054 437 coniceret
1077 405 1118 439 τό
1143 416 1180 438 τε
1205 405 1367 450 πρόσθεν
1396 409 1593 439 commotus

3 464 19 503 J
61 465 115 497 est
138 459 264 506 fragm.
283 457 416 494 inedito
441 457 499 505 20,
512 457 537 505 ¹)
572 470 642 506 quo
668 471 687 494 e
713 458 861 505 fuligine
895 459 1160 496 combustorum
1186 460 1362 506 Titanum,
1393 473 1463 496 non
1489 474 1508 496 e
1534 460 1593 497 Gi-

60 517 226 564 gantibus
258 516 419 551 homiues
452 520 546 550 ortos
579 528 657 551 esse
682 515 861 552 docemur.
904 528 1015 562 quare
1040 517 1157 552 locum
1182 519 1218 552 in
1243 518 1360 553 medio
1394 518 1594 564 relinquere

60 574 168 609 tutius
194 572 297 617 duxi3
324 571 476 608 Wielius
500 571 539 606 H
555 571 598 606 21
619 584 670 620 sq.
697 573 895 620 proposuit:
921 572 958 609 οἳ
980 573 1102 621 λυγρὸν
1125 572 1184 610 ἐπ’
1205 571 1393 621 Οὖρανίους
1421 574 1589 623 τάξαντοΙ

61 630 200 679 σπέρμα
224 635 334 679 γονῆς,
359 631 401 666 τὸ
425 630 596 677 πρόσθεν.

297 729 344 759 Χ.
370 729 425 759 De
449 728 734 766 pronominibus
759 731 797 760 et
820 730 1014 767 particulis
1038 730 1320 768 interrogativis.
1332 727 1361 774 ²)

174 803 369 838 Enuntiata
401 803 655 849 interrogativa
688 803 957 849 pronominibus
990 802 1147 847 inducta,
1183 815 1274 849 quae
1304 816 1375 839 non
1405 817 1452 839 ex
1482 805 1593 839 altero

62 861 242 896 enuntiato
267 859 435 907 pendent,
462 860 636 896 habemus
653 861 690 895 in
707 872 765 895 vv.
785 860 829 894 97
850 859 931 907 (τί),
957 859 1039 903 476,
1050 860 1076 907 ³)
1106 860 1197 895 1226
1217 860 1268 907 (τί
1285 862 1351 908 νυ),
1379 861 1468 896 1347
1489 859 1596 907 (ἔνθα

61 918 160 966 τί),4)
186 930 277 965 quae
302 917 460 965 pendent
485 930 531 953 ex
556 918 681 953 altero:
708 918 779 953 820
802 917 985 966 φράζετον,
1011 917 1139 961 οἵτινές
1162 919 1252 962 ἐστε,
1278 917 1315 954 τί
1340 919 1379 955 δὲ
1396 918 1496 966 χρέος
1512 918 1595 966 ὔμμ’

60 977 167 1020 ἵκανε,
196 975 287 1010 1186
304 973 401 1021 ἔγνω,
427 973 570 1011 ὁππόθ’
588 975 655 1023 (sic
673 975 887 1022 Stephanu8‚
914 975 1016 1010 codd.
1036 973 1077 1011 οὗ
1102 976 1159 1010 vel
1181 979 1220 1012 οὐ
1238 974 1346 1023 ποθ’)
1372 974 1427 1023 ἄρ’
1443 976 1596 1024 ἐσμέν.5)

61 1038 202 1080 praeter
227 1032 398 1068 eiusmodi
424 1033 607 1069 enuntiata
623 1045 734 1068 unum
753 1032 864 1068 habes
881 1033 1089 1080 primarium
1106 1034 1412 1079 interrogativum,
1439 1035 1473 1068 in
1493 1035 1595 1069 cuius

60 1091 158 1125 initio
190 1089 366 1137 particula
398 1089 420 1135 ἦ
453 1091 567 1137 posita
600 1096 664 1135 est,
699 1090 896 1126 Hcrmanni
930 1091 1135 1125 coniectura
1164 1089 1186 1139 ἦ
1216 1088 1368 1127 ἔλπεσθ’
1397 1092 1432 1126 in
1467 1104 1501 1125 V.
1525 1091 1595 1126 846

60 1147 221 1193 probata,
248 1148 293 1182 de
318 1160 392 1194 qua
414 1160 448 1194 p.
467 1148 538 1182 252
564 1148 753 1194 disputavi.
791 1147 878 1183 mihi
903 1154 976 1183 tam
1005 1152 1091 1194 apta
1116 1148 1258 1183 videtur
1284 1160 1326 1182 ea
1350 1149 1593 1194 interrogatio,

61 1210 99 1239 ut
124 1206 153 1239 si
178 1205 256 1251 quis
282 1204 429 1239 haereat
453 1205 489 1239 in
515 1205 680 1251 synizesi,
707 1205 807 1239 cuius
833 1204 930 1240 aliud
955 1204 1159 1251 exemplum
1185 1217 1232 1240 ex
1258 1205 1325 1240 hoc
1351 1207 1508 1240 carmine
1534 1205 1592 1240 ad·

61 1262 153 1297 ferre
178 1274 327 1309 nequeo,
337 1261 365 1309 ⁶)
400 1262 447 1297 ad
480 1262 671 1298 violentam
706 1262 946 1298 coniecturam
978 1261 1000 1311 ἦ
1025 1259 1186 1308 ἔλπεσθ’,
1222 1263 1269 1306 ὡς
1293 1260 1407 1299 ἔσσετ’
1429 1263 1594 1311 ἀδήριτον
1635 1279 1641 1282 -

61 1319 160 1367 γέρας
184 1321 264 1367 ὑμῖν
290 1320 480 1366 confugere
508 1321 629 1356 malim
656 1333 764 1368 quam
789 1333 869 1355 eam
894 1320 1047 1356 abicere.

152 1479 155 1484 ,
175 1446 197 1480 ¹)
218 1446 297 1473 Edit.
312 1447 493 1481 Hermanni3
513 1447 591 1483 apud
607 1446 745 1474 Abelium
766 1446 796 1473 id
817 1455 914 1483 neque
934 1447 1012 1474 inter
1032 1449 1113 1473 certa
1133 1455 1230 1482 neque
1250 1447 1327 1474 inter
1346 1446 1435 1473 dubia
1455 1449 1507 1473 aut
1520 1446 1596 1473 falsa

61 1496 210 1529 receptum
232 1495 341 1521 inveni.

175 1540 196 1575 ²)
217 1541 260 1568 Cf.
275 1542 313 1568 H.
327 1542 443 1576 Iordan,
464 1543 510 1569 De
530 1542 776 1577 pronominaliurn
798 1551 825 1577 q.
841 1542 868 1568 d.
889 1543 1153 1577 interrogationum
1175 1550 1229 1568 usu
1249 1542 1336 1568 Hom.
1358 1541 1443 1568 Halis
1464 1541 1492 1568 S.
1511 1542 1593 1568 1879.

62 1587 113 1614 Ch.
128 1588 306 1623 Praetorius,
335 1590 396 1617 Der
417 1590 495 1617 hom.
510 1590 665 1617 Gebrauch
691 1599 749 1617 von
771 1589 787 1624 ἦ
809 1589 868 1625 (ἦε)
888 1590 920 1616 in
938 1590 1161 1626 Fragesaetzen.
1188 1598 1281 1625 progr.
1301 1598 1398 1625 gymn.
1419 1589 1593 1616 Frid.-Guil.

62 1634 169 1663 cassel.
187 1637 268 1671 1873,
289 1638 343 1664 Th.
359 1638 493 1673 Ludwig,
513 1638 560 1664 De
580 1641 680 1664 enunt.
696 1639 834 1673 interrog.
849 1637 929 1673 apud
950 1637 1096 1673 Aristoph.
1117 1646 1180 1664 usu.
1201 1637 1400 1672 Regiomontii
1424 1637 1506 1663 1882.

174 1683 197 1720 ³)
223 1684 297 1712 ἀλλὰ
324 1687 356 1713 τί
377 1694 426 1713 σοι
446 1685 514 1723 περὶ
534 1684 628 1713 τῶνδε
649 1686 747 1713 πολὺν
767 1685 860 1722 λόγον
881 1685 1008 1722 (χρόνον
1028 1685 1083 1720 Vo)
1104 1683 1254 1722 ἀμφαδὸν
1277 1685 1386 1719 §indm
1412 1684 1595 1712 desideratur

61 1730 112 1759 δεῖ
126 1732 175 1760 vel
189 1732 260 1770 χρή.
281 1742 298 1761 e
319 1734 432 1761 duobus
452 1734 594 1771 exemplis
613 1734 754 1761 infinitivi
767 1743 818 1770 pro
833 1734 1016 1761 coniunctivi
1029 1734 1171 1769 usurpati,
1192 1741 1267 1769 quae
1281 1732 1422 1760 Kuehner
1435 1733 1464 1760 11
1478 1734 1494 1767 ς
1509 1734 1565 1760 474
1576 1734 1595 1761 d

60 1779 163 1814 adfert,
184 1781 309 1809 alterum
330 1782 451 1809 dubium
472 1786 526 1816 est,
547 1783 613 1809 dico
628 1782 735 1809 Herod.
750 1783 764 1809 Ι
785 1783 831 1816 88,
851 1782 977 1809 alterum
998 1791 1015 1808 κ
1028 1783 1081 1808 431
1104 1790 1164 1808 non
1184 1781 1241 1808 huc
1261 1781 1403 1816 pertinet3
1423 1781 1495 1816 ἴμεν
1515 1782 1595 1808 enim

60 1826 237 1856 indicativus
262 1833 307 1857 est
332 1830 398 1861 (illo
423 1830 489 1857 loco
509 1830 533 1857 B
555 1830 644 1858 habet
668 1829 792 1867 κότερον
812 1830 913 1867 λέγειν
938 1829 1012 1867 πρός
1041 1837 1073 1857 σε
1090 1851 1095 1857 .
1112 1851 1117 1856 .
1134 1828 1167 1857 ἐν
1188 1830 1227 1865 τῷ
1257 1828 1401 1865 παρεόντι
1421 1827 1540 1865 χρόνῳ;
1569 1828 1595 1855 Δ

61 1874 142 1902 addit
156 1876 226 1914 χρή,
248 1878 327 1913 quod
346 1880 365 1913 β
385 1887 436 1914 pro
452 1878 556 1915 χρόνῳ
577 1878 704 1906 exhibet.
738 1878 851 1905 Holder
865 1878 1015 1906 Schaeferi
1035 1878 1232 1904 coniecturam
1248 1876 1280 1904 ἐν
1294 1879 1334 1913 τῷ
1349 1876 1493 1913 παρεόντι
1500 1876 1596 1913 χρεόν

61 1923 213 1958 amplexus
234 1926 300 1960 est).v
320 1927 508 1953 coniecturae
528 1926 603 1953 ἀλλὰ
624 1928 656 1953 τί
673 1925 724 1953 δεῖ
739 1926 769 1952 id
789 1926 895 1958 obstat,
916 1925 994 1960 quod
1014 1924 1121 1951 vocula
1140 1932 1189 1951 σοι
1208 1932 1296 1959 aegre
1317 1932 1461 1951 caremus.

175 1971 198 2006 ⁴)
219 1972 386 2001 Pronomen
400 1973 594 2008 indefinitum,
615 1978 648 2001 ut
662 1982 726 2001 eam
741 1982 803 2001 rem
817 1974 946 2000 breviter
959 1972 1119 2006 absolvam,
1141 1971 1314 2008 plerumque
1327 1976 1393 2008 post
1405 1973 1596 2008 negationem

60 2016 180 2053 legitur:
206 2021 261 2047 829
282 2019 363 2055 (οὔτε
384 2030 413 2049 τι
427 2043 433 2048 .
449 2043 455 2048 .
471 2020 539 2049 οὔτε
560 2019 617 2048 τιν’
636 2022 750 2056 ἄλλην),
770 2023 835 2054 836,
850 2022 905 2048 838
926 2020 1014 2054 (οὐδέ
1031 2022 1082 2053 n),
1103 2020 1166 2052 880,
1182 2020 1246 2052 883,
1261 2020 1313 2046 891
1341 2019 1429 2053 (οὐδέ
1447 2022 1514 2054 τις),
1539 2022 1596 2047 904

62 2065 101 2096 (εἰ
118 2065 163 2101 μή
183 2069 250 2102 τις),
271 2069 523 2103 907,1186,1199
544 2067 594 2102 (οὔ
614 2070 681 2103 τις),
704 2070 777 2096 1206
798 2068 854 2105 (μή
875 2070 931 2102 n);
950 2071 1103 2104 praeterea
1125 2068 1196 2095 1212
1218 2066 1260 2100 (εἴ
1278 2068 1345 2100 τις).

175 2114 197 2149 ⁵)
218 2115 253 2142 In
274 2124 301 2143 v.
318 2117 391 2143 1349
411 2116 507 2144 Vossii
528 2115 575 2152 ἠδ’
590 2117 629 2147 ὡς
648 2116 754 2144 melius
774 2120 819 2144 est
839 2124 927 2152 quam
947 2115 1025 2151 quod
1039 2115 1228 2142 Hermannus
1248 2115 1357 2142 inferre
1376 2115 1473 2143 voluit
1493 2116 1595 2147 ὅππως

60 2157 94 2188 τ’.
115 2161 197 2188 codd.
217 2163 360 2198 praebent
379 2164 396 2199 ἢ
416 2167 485 2195 πῶς.

175 2209 198 2245 ⁶)
219 2210 364 2247 Exempla
376 2212 526 2239 homerica
541 2227 576 2232 -
590 2212 759 2248 quindecim
773 2212 834 2238 fere
848 2213 917 2238 sunt
936 2226 973 2230 —
993 2211 1016 2237 1.
1030 2210 1200 2237 Mem-adius
1214 2211 1364 2245 congessit
1381 2211 1439 2246 (De
1453 2214 1595 2238 contract.

61 2256 92 2281 et
111 2256 202 2290 nyniz.
216 2266 272 2285 usu
293 2258 369 2287 hom.
384 2259 520 2286 Monach.
537 2260 619 2294 1886,
633 2268 660 2295 p.
678 2258 753 2296 177),
775 2259 824 2295 qui
844 2266 998 2285 numerum
1020 2265 1119 2285 eorum
1134 2257 1301 2284 Nauckium
1323 2257 1456 2294 aliosque
1476 2261 1595 2285 secutus

60 2301 235 2334 imminuere
254 2306 366 2342 staden
386 2307 557 2343 obloquitur
576 2307 753 2343 Vogrinzius
772 2316 800 2342 p.
815 2307 852 2334 56
866 2315 909 2342 sq.
