1714 2583
42 75 62 126 ρ
87 61 168 107 241,
194 75 215 106 χ
241 61 297 96 62.
324 83 370 87 -
395 74 430 97 v.
452 61 544 127 1282
567 75 642 127 pro·
657 62 761 97 codd.
780 61 931 97 lectione
953 65 1017 106 τάς
1040 60 1072 110 ῤ’
1088 63 1260 127 ὀνόμηναν
1279 63 1407 98 melius
1427 62 1625 104 nondum

1568 28 1603 42 fl*
1613 22 1627 36 A!
1640 40 1652 49 V,

43 175 176 222 legitur
208 177 272 219 τάς
303 173 334 222 ῥ)
359 175 468 218 ἐξονό.
519 176 688 223 amplecti
722 188 792 211 non
826 177 952 212 ausim
987 198 1034 202 —
1067 188 1186 223 neque
1221 176 1266 211 de
1297 189 1331 211 v.
1352 176 1445 212 1292
1468 177 1585 212 habeo

43 233 139 278 quod
173 245 352 279 opponam
377 233 585 275 Heimanno
619 245 683 279 pro
718 233 821 267 codd.
854 234 1032 279 scriptura
1065 238 1187 279 aperte
1223 238 1389 280 corrupta
1420 239 1513 280 κῦμα
1545 234 1584 269 δὲ
1614 227 1698 290 ν’.Ιξι

42 291 176 326 πόντου
201 289 262 326 καὶ
285 290 421 326 κόλπον
445 289 542 326 ἵκανε
567 291 752 336 reponenti
777 296 869 336 κῦμα
894 289 935 327 δέ
960 288 996 327 οἱ
1019 304 1059 327 π.

156 347 234 383 Iam
269 347 486 383 accedamus
519 347 567 383 ad
600 347 751 383 formam
784 360 878 395 σφιν.
930 348 1084 383 refertur
1114 361 1157 383 ea
1187 348 1234 382 ad
1258 347 1432 394 pluralem
1457 349 1584 383 tertiae
1615 330 1707 399 'isis‘

42 417 217 451 personae
251 405 299 450 A)
326 417 434 440 sensu
458 405 647 440 reflexivo:
683 405 753 439 646
787 403 827 440 αἳ
859 403 899 440 δέ
932 417 1017 453 σφιν
1041 406 1289 455 ἐσαθρήσασαι
1314 405 1413 441 ἰόντα
1434 405 1440 452 Ι
1461 411 1586 454 κοῦρον
1637 404 1700 454 '2⁵³

43 459 93 498 ἔτ’
110 461 236 510 ἠίθεον
260 465 494 510 κατερύκακον
524 462 720 510 (pertinere
746 462 889 498 videtur
914 462 961 498 ad
986 466 1228 511 κατερύκακον,
1253 476 1325 498 non
1350 463 1395 498 ad
1425 464 1584 513 ἐσαθρή-

43 531 164 564 σασαι,
192 526 231 555 ut
257 521 486 555 Hermannus
512 520 651 566 voluit),
676 520 750 555 700
774 519 856 566 περὶ
882 520 922 556 δέ
943 532 1028 567 σφιν
1044 521 1192 556 ἐτώσιον
1208 518 1389 567 ἠρείσαντο
1408 520 1469 566 (cf.
1487 520 1584 554 locos

43 576 243 612 homericos
276 577 373 624 apud
399 577 467 612 Eb.
491 577 527 612 II
554 577 622 612 307
632 576 657 621 ὓ,
676 576 775 612 308“.
803 575 890 612 Call.
909 576 966 612 III
994 577 1072 623 163,
1099 577 1170 624 Ap.
1193 577 1211 612 I
1236 576 1316 621 455,
1344 576 1464 620 Quint.
1482 577 1502 612 I
1525 576 1583 624 50,

43 634 125 678 310,
139 634 239 682 546),
260 635 348 669 1271
369 633 452 671 οὐδέ
469 646 534 682 σφι
552 635 863 681 παραπλώσεσθαι
882 631 1027 680 ἔμελλον
1048 635 1052 676 Ι
1075 637 1238 682 φθογγὴν
1254 633 1441 682 οὐλομένην
1458 634 1584 681 (abun-
1628 635 1635 639 “
1664 598 1709 698 ξ

45 691 122 735 dat3
150 691 291 725 Gesner
316 703 402 725 sane
428 692 464 725 in
490 691 562 725 ind.
582 704 617 737 p.
637 690 704 725 921
732 703 797 738 σφι
824 690 869 725 ad
895 689 1086 739 οὐλομένην
1110 690 1244 737 refert),
1282 690 1374 725 1294
1405 692 1468 738 τήν
1500 702 1584 738 σφιν

43 745 160 784 ἔναιον
185 747 390 795 (abundat).
442 747 488 794 B)
515 740 574 794 ita,
610 754 649 782 ut
674 747 888 782 reflexivum
913 747 1128 782 indirectum
1154 749 1214 782 sit:
1252 747 1342 782 1212
1371 746 1583 793 ὃιζομὲνους,
1642 759 1647 763 ’

43 804 80 839 εἶ’
99 803 155 847 τίς
178 817 245 852 σφι
262 804 382 851 (codd.
401 804 486 852 σφε)
504 808 644 852 βροτῶν
662 832 669 840 .
690 832 697 840 .
716 806 878 840 ναιετάει.
922 804 966 851 O)
986 816 1093 839 sensu
1111 804 1407 840 demonstrativo:
1433 804 1583 840 fortasse

42 863 78 896 in
101 875 135 897 v.
158 861 264 906 12713
290 862 565 910 pleonasticum:
594 861 662 897 169
682 862 783 910 (σφιν
800 889 807 897 .
828 890 835 897 .
856 889 864 897 .
883 862 1066 910 ἡρώεσσι),
1092 861 1163 896 469
1192 861 1292 910 (σφιν
1311 890 1319 898 .
1340 890 1347 897 .
1365 862 1583 911 πλωτῆρσιν;

43 919 155 954 verba
174 920 268 954 enim
286 923 375 965 μετὰ
392 922 456 966 γάρ
482 932 566 968 σφιν
591 919 785 967 ὀφέλσιμον
810 920 1037 966 ἀνθρώποισι
1060 920 1064 964 Ι
1085 919 1191 966 τῆσδε
1217 918 1416 967 θυηπολίης
1439 919 1584 965 ἀβολεῖν

43 977 111 1023 (sic
138 977 382 1021 Hermannus;
409 976 514 1011 codd.
534 977 685 1023 ἄμοτον)
718 976 920 1024 πλωτῆρσιν
952 976 1115 1019 ἑκάστοις
1139 988 1252 1022 aeque
1278 982 1385 1023 atque
1411 976 1582 1012 Herman-

43 1046 121 1079 nuS,
156 1034 218 1081 qui
251 1033 336 1080 μίγα
366 1046 431 1080 pro
461 1036 551 1080 μετὰ
576 1034 717 1080 scripsit
752 1032 851 1080 (μίγα
877 1033 919 1078 R,
954 1045 1067 1079 marg.
1087 1032 1183 1079 Vo.),
1217 1034 1445 1080 interpretor:
1481 1035 1584 1068 ‘inter

41 1091 203 1125 homines
228 1091 326 1125 utilis
353 1096 407 1124 est
432 1091 549 1125 nautis
575 1090 703 1125 horum
729 1102 913 1124 sacrorum
939 1089 1213 1136 communitas’),
1251 1089 1342 1124 1323
1370 1090 1451 1138 (σφι
1469 1117 1477 1124 .
1496 1117 1504 1124 .
1522 1091 1583 1124 ἀν-

42 1147 145 1195 δράσι
170 1146 234 1195 ἠδὲ
259 1146 440 1194 γυναιξίν).

157 1205 356 1250 Singularis
391 1204 579 1240 abundans
614 1216 690 1239 esse
725 1204 868 1239 videtur
894 1204 1103 1238 Hermanno
1139 1205 1174 1238 in
1207 1217 1242 1238 v.
1261 1204 1329 1238 911
1363 1205 1401 1239 ἐν
1431 1204 1471 1241 δέ
1499 1217 1585 1252 σφιν

41 1263 192 1309 πυμάτῳ
217 1267 314 1311 μυχῷ
333 1261 457 1309 ,ἕρκεος
481 1262 589 1304 ἄλσος
613 1258 751 1308 ἀμείβει
783 1262 786 1308 Ι
818 1260 995 1308 δένδρεσιν
1023 1259 1235 1297 εὐθαλέεσσι
1264 1263 1464 1298 κατάσκιον.
1514 1273 1583 1308 quo

42 1319 119 1354 loco
148 1319 186 1354 id
211 1320 338 1365 agitur,
373 1325 411 1354 ut
444 1331 536 1366 quae
571 1320 616 1354 sit
647 1318 858 1365 significatio
893 1317 996 1353 verbi
1030 1316 1189 1364 ἀμείβειν
1222 1318 1436 1365 exploretur.
1488 1324 1583 1355 certe

43 1388 134 1422 quae
159 1376 370 1422 plerumque
396 1377 532 1411 obtinet
557 1377 594 1410 in
619 1376 686 1410 hoc
713 1376 869 1410 carmine
895 1376 990 1410 notio
1012 1375 1222 1409 transeundi
1239 1375 1314 1409 sive
1332 1375 1583 1421 praetereundi

43 1434 118 1467 sive
144 1433 377 1479 perveniendi
388 1432 414 1480 ¹)
446 1445 515 1468 non
549 1433 702 1479 quadrat
727 1432 795 1467 hoc
819 1432 906 1467 loco.
958 1433 1149 1467 convenire
1174 1437 1293 1467 autem
1323 1432 1466 1468 videtur
1490 1433 1583 1467 exci-

43 1490 166 1536 piendi
192 1490 356 1536 verbum,
383 1503 489 1536 quam
515 1491 845 1536 interpretationem
870 1502 890 1524 a
918 1489 1078 1524 Gesnero
1104 1489 1281 1536 prolatam
1302 1502 1387 1524 num
1409 1490 1583 1525 vocabulo

43 1546 201 1592 ἀμείβειν
231 1547 389 1582 tribuere
420 1547 537 1592 liceat,
572 1547 713 1581 dubitat
739 1546 947 1582 Schneider.
999 1546 1063 1580 sed
1089 1546 1167 1580 loco
1193 1546 1331 1581 Orestis
1356 1546 1583 1594 Euripidem,

43 1616 150 1650 quem
175 1604 404 1639 Hermannus
431 1604 559 1639 adtulit
586 1603 675 1639 1511
702 1603 763 1639 καὶ
788 1606 854 1651 μὴν
879 1602 1021 1650 ἀμείβει
1045 1605 1166 1639 καινὸν
1189 1603 1228 1639 ἐκ
1252 1609 1379 1640 καινῶν
1402 1605 1494 1648 τόδε,
1524 1605 1583 1640 do-

44 1662 118 1695 ceri
143 1661 310 1696 videmur
334 1660 505 1707 ἀμείβειν,
539 1667 578 1695 ut
608 1662 793 1696 transitive
820 1661 1245 1706 adhibitumssignificat:
1279 1667 1416 1696 mutare
1449 1661 1583 1708 aliquid

43 1717 160 1764 aliquo
196 1718 269 1766 (‘an
304 1718 361 1753 die
388 1717 496 1754 Stelle
531 1718 691 1765 setzen'),
727 1719 776 1753 ita
810 1708 1035 1753 intransitive*
1066 1718 1138 1752 dici
1173 1730 1277 1764 posse
1310 1718 1436 1754 eodem
1466 1731 1582 1766 semu,

45 1788 115 1823 quo
150 1782 310 1811 nostrum
346 1779 402 1811 ‘an
430 1775 487 1810 die
514 1776 622 1811 Stelle
648 1776 787 1820 treten’,
824 1775 972 1810 latinum
999 1775 1216 1810 ‘succedere'
1256 1775 1453 1823 (Euripidis
1487 1776 1584 1812 scho—

42 1834 147 1868 liasta
176 1835 445 1880 interpretatur:
481 1832 708 1879 διαδέχεται).
761 1832 900 1867 Sitzleri
934 1833 1042 1878 igitur
1075 1833 1278 1868 coniectura
1311 1833 1418 1877 ἄλσος
1449 1835 1584 1870 ἀνεῖται

44 1903 132 1937 opus
149 1903 220 1926 non
238 1896 302 1925 est.
341 1891 412 1925 iam
430 1891 459 1925 si
476 1891 665 1926 vertimus:
694 1891 741 1925 ‘in
766 1895 926 1925 extremo
951 1889 1082 1935 angulo
1108 1890 1225 1936 saepis
1250 1902 1374 1925 nemus
1400 1891 1582 1935 succedit'‚

44 1961 130 1996 σφιν
154 1949 219 1983 vix
244 1948 342 1983 aliud
368 1960 445 1983 esse
471 1954 587 1995 potest
614 1960 720 1994 quam
739 1947 927 1993 singularis
945 1946 1134 1982 abundans
1151 1946 1379 1983 referendum
1397 1948 1443 1983 ad
1461 1949 1582 1993 ὀίλσος;

45 2005 89 2041 cf.
118 2005 185 2040 761
222 2004 346 2041 αὐτίκα
380 2002 416 2040 οἱ
439 2033 446 2040 .
471 2033 479 2040 .
505 2033 511 2040 .
536 2003 725 2052 κατέφαινε
744 2032 751 2039 .
771 2033 779 2040 .
799 2033 806 2040 .
831 2004 950 2040 ἄλσεα.
1002 2003 1097 2050 quod
1131 2009 1250 2038 autem
1285 2003 1466 2040 Gesnerus
1499 2017 1584 2053 σφιν
1622 2034 1626 2037 Α

44 2063 222 2108 pertinere
255 2074 358 2108 posse
392 2066 494 2108 putat
528 2062 574 2095 ad
608 2061 708 2107 ἕρκος
737 2063 883 2107 eiusque
915 2066 1045 2107 paruae,
1078 2061 1127 2094 ita
1158 2066 1197 2095 ut
1228 2061 1316 2096 haec
1347 2061 1422 2095 fere
1454 2062 1584 2097 evadat

160 2167 182 2202 ¹)
204 2168 259 2195 Vv.
273 2168 339 2200 264,
354 2168 419 2201 632,
434 2167 498 2200 709,
513 2168 579 2200 821,
594 2168 658 2200 908,
677 2168 758 2200 1011,
776 2167 862 2200 1181;
883 2166 918 2192 cf.
934 2165 1032 2201 Apoll.
1047 2166 1091 2192 111
1112 2167 1176 2199 280,
1197 2166 1254 2193 ΠΙΙ
1275 2167 1338 2195 964,
1372 2167 1507 2193 similiter
1528 2168 1582 2194 792
1606 2156 1608 2159 .

44 2214 94 2242 ἐπὶ
114 2215 240 2252 ῥεῖθρον
261 2215 390 2251 ἄμειβον
417 2216 491 2250 (‘per
516 2215 626 2241 flumen
653 2214 799 2241 oberrant*
820 2214 910 2240 vertit
931 2213 1110 2248 Cribellius).
1151 2217 1265 2241 mutare
1292 2214 1389 2241 locum
1413 2215 1476 2241 sive
1495 2214 1583 2241 relin-

45 2271 136 2298 quere
156 2263 293 2297 designat
314 2263 344 2289 in
359 2271 385 2288 v.
405 2263 465 2288 124.
488 2262 523 2289 de
544 2271 591 2289 vv.
607 2263 671 2296 855,
692 2262 744 2288 ubi
765 2261 867 2288 dubito
888 2270 958 2287 num
979 2264 1059 2287 recte
1072 2261 1195 2288 Abelius
1209 2261 1403 2298 ἐπειγόμενοι
1423 2271 1474 2297 pro
1495 2263 1599 2299 ἀμει-“

42 2311 171 2348 βόμενοι
197 2311 370 2346 reposuerit,
396 2314 426 2336 et
451 2311 516 2343 931,
543 2311 627 2336 cuius
654 2311 857 2345 interpretatio
884 2309 973 2336 dubia
998 2313 1051 2343 est,
1077 2310 1225 2345 disputare
1251 2319 1310 2336 non
1335 2310 1421 2337 huius
1441 2309 1498 2337 loci
1519 2318 1584 2337 esse

44 2362 126 2394 puto.
167 2358 364 2394 respondendi
385 2357 631 2393 significationem
654 2359 792 2394 ἀμείβειν
813 2366 872 2384 uon
893 2357 982 2383 habet
1003 2358 1060 2383 nisi
1080 2358 1111 2383 in
1132 2366 1159 2384 v.
1175 2359 1219 2384 96.
