1714 2583
62 60 188 103 spasmon
213 54 291 92 ἔασι
316 57 522 105 παρηγόροι,
549 51 623 92 οἷσί
646 69 714 103 περ
740 58 824 104 ἀνὴρ
849 58 1023 103 θαρσύνοι
1046 56 1179 104 ἕταρον,
1206 57 1329 102 Quint.
1347 58 1366 94 I
1383 58 1429 94 93
1445 36 1676 111 ὓπέσχσιῖο

75 111 186 161 ἔργον,
213 113 232 149 ὃ
258 114 389 149 οὔποτε
415 114 546 161 θνητὸς
577 113 718 158 ἐώλπει,
754 113 908 160 denique
937 113 1032 149 locos
1058 112 1286 161 Sophocleos,
1320 126 1408 162 quos
1442 109 1621 164 congessit

75 171 301 206 Roehi·ekius
327 184 361 218 p.
381 170 414 216 8,
433 184 467 206 n.
486 171 520 206 4.
531 171 558 218 ¹)
1279 168 1282 169 ⁷

192 229 269 263 Iam
295 234 520 264 transeamus
545 228 593 263 ad
618 228 768 263 alterum
793 240 906 273 genus
931 230 1195 264 enuntiatorum
1220 229 1461 274 relativorum,
1486 232 1524 266 in
1549 244 1618 279 quo
1642 259 1645 261 >
1680 254 1683 257 <

75 298 146 321 non
177 285 217 320 fit
248 285 447 321 correlatio.
499 297 612 332 aeque
638 291 745 332 atque
770 285 867 332 apud
893 285 1091 321 Homerum
1121 298 1317 333 pronomen
1342 286 1486 322 additur
1510 290 1619 326 nomi·
1690 269 1714 311 '²35

74 344 181 379 nibus
216 344 367 390 propriis
401 343 511 378 veluti
548 343 602 387 15,
627 343 728 388 *135,
755 343 870 389 147‚2)
903 343 1005 389 *159‚
1032 344 1109 388 164,
1132 343 1235 389 *170,
1262 343 1340 387 175,
1363 344 1483 392 219,³)
1514 345 1617 393 *714,

76 401 202 443 *1294,
240 401 441 448 explicatur
475 413 526 443 eo,
563 413 672 447 quare
707 400 793 447 quid
827 402 872 435 sit
902 406 963 436 aut
988 413 1065 436 esse
1091 406 1235 448 putetur
1259 406 1321 436 aut
1345 401 1424 437 fiat:
1459 402 1517 448 88,
1535 403 1616 448 289,

75 458 157 503 296,
183 458 223 493 fit
250 458 458 504 descriptio:
490 458 547 502 20,
571 458 628 502 45,
652 458 733 503 271,
756 457 860 502 *322,
879 457 959 502 912,
987 458 1070 493 novi
1097 457 1181 505 quid
1208 458 1363 503 additur,
1389 464 1428 493 ut
1453 459 1517 495 fiat
1541 473 1618 497 nar-

74 516 180 550 ratio:
209 515 265 559 67,
285 515 366 559 607,
386 515 467 559 614,
488 514 567 549 778.
599 514 703 549 huius
729 515 870 560 generis
897 514 1063 561 exempla
1088 514 1318 550 adtendenda
1344 521 1437 560 sunt,
1464 518 1493 551 si
1519 516 1617 553 dubi-

74 572 240 617 tabimus,
268 577 387 606 utrum
414 573 637 606 enuntiatum
662 571 806 617 aliquod
824 583 888 617 pro
906 572 1076 617 primario
1093 584 1139 606 an
1158 584 1221 617 pro
1238 572 1389 607 relativo
1406 572 1615 609 habeamus.

74 634 182 675 atque
217 628 313 663 idem
347 628 542 663 tenendum
577 629 643 663 erit
677 630 713 662 in
747 628 943 663 tractandis
975 628 1071 673 locis,
1107 629 1236 675 quibus
1266 629 1370 675 plura
1399 629 1550 665 relativa
1580 643 1618 665 se

76 686 272 732 excipiunt.
316 698 432 732 pauca
455 685 574 720 dicam
596 685 640 720 de
663 686 705 719 iis
723 685 892 730 relativis,
920 697 1010 731 quae
1036 685 1186 720 alterum
1211 686 1313 720 alteri
1338 686 1618 732 subiunguntur:

77 743 120 778 67
141 755 204 789 sq.,
232 743 302 778 660
320 755 396 789 sqq.
425 743 708 789 (ὅστε-ὅστις),
743 742 811 777 718
831 754 893 789 sq„
922 742 990 777 749
1016 755 1093 789 sqq.
1123 741 1229 789 (ἔνθα
1248 771 1255 778 .
1276 771 1283 778 .
1302 742 1340 785 ἐξ
1364 741 1435 789 οὗ),
1470 743 1538 778 778
1565 756 1617 790 sq.

78 799 244 846 exempla
270 800 452 835 homerica
476 800 646 835 nonnulla
673 805 946 847 composuerunt
969 799 1053 835 Otto
1075 801 1093 835 I
1115 813 1148 847 p.
1171 800 1212 834 11
1232 812 1283 847 sq.
1311 805 1346 835 et
1371 800 1472 836 Ebel.
1490 800 1528 835 II
1553 800 1619 835 88⁸

77 858 151 892 init.
172 858 223 902 d.;
251 857 297 892 cf.
317 857 434 904 Apoll.
454 857 471 892 I
498 857 575 901 126,
596 857 675 901 643,
703 857 791 893 Call.
810 857 845 892 V
862 857 919 892 37.

191 914 365 949 Venimus
396 914 444 948 ad
474 914 635 955 relativa,
668 926 760 960 quae
791 914 942 949 alterum
972 914 1073 948 alteri
1105 916 1182 959 pari
1217 914 1340 948 ordine
1375 915 1618 960 adiunguntur

77 970 204 1017 copula
229 983 298 1005 non
325 970 459 1015 addita,
496 970 592 1018 quod
625 970 846 1006 homericum
872 983 942 1006 non
969 983 1047 1006 esse
1079 970 1203 1006 credat
1236 970 1363 1017 aliquis
1394 970 1465 1006 fide
1495 970 1619 1007 habita

75 1028 254 1074 Kruegeri
272 1028 395 1063 verbis
413 1028 449 1062 II
467 1028 524 1072 51,
546 1028 605 1062 12;
633 1028 714 1063 ‘Die
732 1028 972 1074 Verbindung
993 1028 1174 1063 mehrerer
1192 1027 1357 1063 Relativa
1374 1028 1465 1063 ohne
1483 1028 1619 1076 Copula

76 1086 122 1119 ist
148 1085 230 1119 dem
257 1085 393 1120 Homer
418 1085 511 1120 noch
538 1085 676 1119 fremd’.
717 1086 781 1120 sed
806 1085 896 1120 haec
922 1085 1111 1120 falsissima
1137 1097 1215 1119 esse
1240 1085 1391 1132 adparet
1415 1097 1435 1119 e
1459 1086 1547 1120 locis
1572 1085 1618 1121 ab

77 1141 267 1188 Ebelingio
294 1142 314 1176 l.
336 1154 365 1177 c.
387 1141 453 1177 sub
480 1142 543 1177 litt.
564 1155 594 1185 e,
622 1142 668 1177 ab
694 1141 826 1177 Ottone
852 1142 880 1186 I,
903 1142 947 1176 14
965 1154 1041 1189 sqq.
1070 1143 1257 1188 congestis.

192 1199 234 1233 In
262 1199 515 1245 Argonauticis
540 1198 630 1234 haec
656 1199 824 1246 exempla
849 1198 1031 1245 leguntur:

233 1281 299 1310 218
319 1290 388 1320 sqq.
416 1276 540 1311 δισσὸν
566 1273 598 1311 δ’
615 1274 659 1311 αὖ
682 1275 817 1322 Βορέου
841 1276 948 1311 καλὸν
972 1279 1103 1320 σταχὺν
1126 1276 1310 1323 εἰσενόησα

413 1332 472 1375 οὓς
495 1329 568 1368 τέκ’
586 1333 779 1380 Ἐρεχθῆος
803 1333 908 1379 κούρη
933 1333 1038 1380 κλυτὴ
1056 1329 1241 1379 Ὠρείθυια

413 1390 565 1425 Ἰλισσοῦ
589 1391 686 1436 παρὰ
710 1395 822 1436 χεῦμα
847 1392 935 1425 θεοῦ
959 1389 1124 1437 φιλότητι
1148 1393 1299 1435 μιγεῖσα,

414 1445 451 1481 οἳ
475 1447 516 1494 δὴ
542 1445 602 1482 καὶ
627 1450 809 1493 ταρσοῖσιν
834 1445 1041 1489 ὑπουατίοις
1065 1447 1278 1493 πεπότηντο,

412 1505 528 1551 Ζήτης
551 1503 611 1539 καὶ
636 1504 783 1546 Κάλαϊς,
811 1502 920 1549 δέμας
944 1503 1072 1539 εἶ’κελοι
1098 1505 1342 1539 ἀθανάτοισιν.

79 1591 162 1614 nam
197 1591 262 1613 cur
295 1578 333 1614 οἳ
364 1579 406 1626 δή
441 1579 720 1614 demonstrative
755 1579 908 1625 positum
943 1591 1021 1613 esse
1052 1590 1232 1613 sumamus
1258 1600 1304 1604 —
1332 1579 1559 1613 Her-mannus
1584 1583 1621 1614 et

80 1635 234 1670 Abelius
261 1636 362 1670 colon
388 1641 471 1671 ante
496 1636 586 1670 haec
613 1636 725 1671 verba
750 1641 945 1682 posuerunt
970 1657 1015 1661 —
1043 1648 1188 1670 causam
1213 1648 1285 1670 non
1310 1636 1426 1678 video.

182 1732 216 1767 ⁴¹)
240 1728 310 1763 Οἷος
330 1741 389 1758 uno
411 1735 526 1759 tantum
548 1731 614 1759 loco
635 1732 700 1764 859,
722 1740 810 1767 quem
832 1734 934 1767 postea
955 1734 1086 1767 tangam,
1106 1731 1167 1767 legi
1188 1731 1259 1758 satis
1280 1730 1471 1758 memorabile
1491 1733 1543 1757 est.

193 1779 215 1813 ²)
232 1780 384 1807 Habemus
398 1779 556 1806 relativum
572 1778 665 1806 altero
681 1781 828 1806 enuntiati
843 1779 908 1806 loco
925 1795 959 1799 —
975 1780 1045 1806 item
1063 1780 1127 1811 159,
1143 1780 1206 1813 164,
1223 1780 1305 1812 1034,
1322 1780 1393 1805 1252
1409 1779 1458 1813 (ex
1476 1778 1622 1814 probabili

77 1827 242 1854 Hermanni
263 1827 457 1862 coniectura),
486 1828 556 1854 1057
580 1827 648 1863 (hoc
668 1827 733 1854 loeo
755 1827 864 1863 legitur
885 1827 950 1854 adv.
971 1821 1018 1862 οὗ)
1042 1842 1074 1845 -
1097 1826 1177 1862 quod
1196 1826 1343 1853 rarissime
1363 1826 1440 1862 apud
1461 1826 1620 1854 Homerum

77 1876 205 1902 inveniri
232 1875 409 1911 Ebelingius
434 1875 557 1902 adnotat
583 1874 640 1902 87¹³
664 1875 709 1901 III
727 1875 754 1902 b.
795 1875 826 1901 in
852 1875 1003 1910 Apollonii
1028 1874 1146 1910 quidem
1173 1874 1249 1901 libro
1274 1875 1367 1909 primo
1397 1883 1489 1901 unum
1520 1874 1621 1901 inveni

78 1922 255 1958 exemplum,
277 1923 355 1958 quod
375 1932 402 1952 v.
422 1923 474 1949 147
497 1922 682 1949 simillimum
703 1926 763 1949 est:
790 1923 804 1948 I
825 1923 881 1948 398
901 1921 1034 1958 Ἀγκαίῳ,
1061 1922 1171 1958 Τεγέης
1191 1922 1223 1951 ὅς
1243 1921 1279 1959 ῥα
1300 1922 1482 1957 πτολίεθρον
1506 1920 1621 1956 ἕναιενς

76 1970 114 1998 cf.
134 1970 208 1997 Call.
228 1971 254 1997 V
280 1972 325 1997 37.
362 1973 464 1997 eontra
493 1971 651 2006 genetivus
683 1971 839 2006 partitivus
869 1977 957 2005 saepe
988 1969 1150 1996 collocatus
1176 1971 1226 1996 'est
1255 1972 1325 1996 ante
1355 1969 1511 1996 relativum
1542 1968 1621 2005 apud

77 2018 240 2045 Homerum
267 2018 317 2053 (cf.
336 2018 460 2045 Ameisii
484 2018 679 2053 appendicem
705 2018 742 2044 ad
768 2026 781 2044 ε
808 2019 873 2050 448,
900 2017 970 2045 Otto
991 2018 1005 2043 Ι
1029 2027 1056 2052 p.
1073 2017 1131 2052 10).
1172 2025 1262 2052 quare
1283 2018 1382 2043 nescio
1407 2025 1447 2043 an
1466 2018 1498 2043 in
1523 2025 1550 2044 v.
1565 2017 1619 2044 661
1664 2024 1666 2026 ·

76 2066 117 2092 sic
143 2065 413 2100 interpungendum
439 2066 490 2091 sit:
517 2066 549 2095 ὃς
575 2073 605 2092 τε
627 2066 838 2101 Πανομφαίου
859 2065 955 2098 Ζηνὸς
980 2064 1075 2099 θέμιν
1101 2064 1155 2090 οὐκ
1181 2063 1326 2100 ἀλεγίζων
1343 2064 1348 2098 1
1365 2060 1462 2091 ἆθλον
1488 2063 1538 2091 ἐπὶ
1561 2064 1622 2096 ξεί-

75 2121 164 2146 νοισι,
186 2112 384 2149 περικτιόνων
405 2111 577 2149 ἀνθρώπων
594 2112 599 2146 Ι
618 2113 699 2142 ὅστις
720 2111 769 2139 ἐπὶ
789 2112 947 2147 σταθμοὺς
968 2109 1015 2146 ἠδ’
1035 2111 1177 2147 ἀστεμφῆ
1197 2110 1298 2147 δόμον
1319 2112 1376 2143 ἵξοι
1397 2111 1539 2146 (θήκατο)
1559 2110 1621 2147 ‘qui

74 2161 137 2187 iure
159 2161 259 2187 divino
282 2160 419 2195 neglecto
440 2160 573 2193 advenis,
599 2161 779 2195 quicumque
804 2159 997 2186 finitimorum
1022 2159 1059 2186 ad
1080 2159 1197 2186 domum
1224 2159 1287 2186 eius
1315 2162 1446 2193 venerat,
1471 2162 1621 2187 certamen

74 2208 263 2243 imponebat&
296 2216 364 2234 nam
387 2207 457 2242 quid
479 2207 535 2234 sibi
556 2207 622 2234 vult
642 2207 724 2240 ξένοι
746 2206 942 2244 περικτιόνων
963 2205 1153 2243 ἄνθρώπωνὶ)

191 2256 212 2290 ³)
235 2255 423 2282 Constructio
445 2255 483 2281 ad
503 2263 621 2281 sensum
644 2258 738 2282 extat:
760 2255 816 2281 219
838 2254 955 2291 Βορέου
976 2253 1097 2290 σταχύν,
1118 2253 1182 2288 οὓς,
1204 2253 1293 2281 simili
1314 2253 1400 2281 modo
1423 2254 1475 2280 731
1497 2255 1622 2292 Παρθε-
1661 2274 1663 2276 .

76 2305 154 2330 νίοιο
176 2302 296 2340 ῥέεθρα,
323 2303 367 2329 δν.
401 2302 438 2329 ef.
453 2305 488 2329 Π
503 2304 559 2329 369
580 2303 664 2335 λαόν,
686 2302 746 2335 οὓς,
773 2307 797 2337 ψ
821 2303 871 2328 121
895 2301 972 2338 ἕρμα
994 2301 1113 2336 πόληος,
1134 2301 1165 2329 οἳ
1183 2299 1255 2338 μέγ’
1270 2301 1395 2338 ἄριστοι,
1421 2303 1453 2328 Χ
1472 2302 1508 2328 87
1529 2302 1622 2338 φίλον

79 2350 184 2383 θάλος,
207 2350 242 2377 ὃν
264 2350 347 2377 τέκεν
368 2348 444 2384 αὐτή
465 2353 495 2376 et
515 2349 596 2376 locos
618 2349 808 2382 Nicandreos,
830 2358 904 2383 quos
925 2349 959 2375 O.
975 2348 1136 2375 Schneider
1157 2349 1279 2384 collegit
1298 2350 1334 2376 ad
1355 2349 1439 2375 Ther.
1456 2350 1519 2375 201.
